@article{Ramires,
author = {Maria L. V. Ramires and Carlos A. Nieto de Castro and Yuchi Nagasaka and Akira Nagashima and Marc J. Assael and William A. Wakeham},
title = {Standard Reference Data for the Thermal Conductivity of Water},
journal = {Journal of Physical and Chemical Reference Data},
volume = {24},
number = {3},
pages = {1377-1381},
year = {1995},
doi = {10.1063/1.555963},
URL = {https://doi.org/10.1063/1.555963}
}


@article{Matsunaga,
author = {N. Matsunaga and A. Nagashima},
title = {Transport Properties of Liquid and Gaseous {D2O} over a Wide Range of Temperature and Pressure},
journal = {Journal of Physical and Chemical Reference Data},
volume = {12},
number = {4},
pages = {933-966},
year = {1983},
doi = {10.1063/1.555694},
URL = {https://doi.org/10.1063/1.555694}
}


@article{Sit-Marzari,
author = {P. H.-L. Sit and Nicola Marzari},
title = {Static and dynamical properties of heavy water at ambient conditions from first-principles molecular dynamics},
journal = {The Journal of Chemical Physics},
volume = {122},
number = {20},
pages = {204510},
year = {2005},
doi = {10.1063/1.1908913},
URL = {https://doi.org/10.1063/1.1908913}
}

@article{Bouzid2017,
  title={Thermal conductivity of glassy {GeTe4} by first-principles molecular dynamics},
  author={Bouzid, Assil and Zaoui, Hayat and Palla, Pier Luca and Ori, Guido and Boero, Mauro and Massobrio, Carlo and Cleri, Fabrizio and Lampin, Evelyne},
  journal={Physical Chemistry Chemical Physics},
  volume={19},
  number={15},
  pages={9729--9732},
  year={2017},
  doi = {10.1039/C7CP01063J},
  publisher={Royal Society of Chemistry}
}

@article{Puligheddu2017,
  title = {First-principles simulations of heat transport},
  author = {Puligheddu, Marcello and Gygi, Francois and Galli, Giulia},
  journal = {Phys. Rev. Materials},
  volume = {1},
  issue = {6},
  pages = {060802},
  numpages = {5},
  year = {2017},
  month = {Nov},
  publisher = {American Physical Society},
  doi = {10.1103/PhysRevMaterials.1.060802},
  url = {https://link.aps.org/doi/10.1103/PhysRevMaterials.1.060802}
}

@article{Ercole2016,
author = {Ercole, Loris and Marcolongo, Aris and Umari, Paolo and Baroni, Stefano},
doi = {10.1007/s10909-016-1617-6},
journal = {J. Low Temp. Phys.},
pages = {79--86},
title = {Gauge Invariance of Thermal Transport Coefficients},
volume = {185},
year = {2016}
}

@article{Marcolongo2016,
author = {Marcolongo, Aris and Umari, Paolo and Baroni, Stefano},
doi = {10.1038/nphys3509},
isbn = {1745-2473 1745-2481},
issn = {1745-2473},
journal = {Nature Phys.},
pages = {80--84},
title = {Microscopic theory and ab initio simulation of atomic heat transport},
volume = {12},
year = {2016}
}

@periodical{MRS-XXX,
  editor = {Hafner, J\"urgen and Wolverton, Christopher and  Ceder, Gerbrand},
  editor = {Hafner, JÃ¼rgen and Wolverton, Christopher and  Ceder, Gerbrand},
  year = {2006},
  title = {MRS Bulletin},
  issuetitle = {Density Functional Theory in Materials Research},
  volume = {31},
  number = {9},
  url={}
}

@misc{MRS-DFT,
  note = {For a review of the impact of DFT on materials modeling, discovery, and design, see \emph{e.g. Density Functional Theory in Materials Research}, technical feature edited by J. Hafner, C. Wolverton, and G. Ceder,
  \href{http://www.cambridge.org/core/journals/mrs-bulletin/issue/47DB0EAB995BF96A6A63A4A7A43B045D}{MRS Bulletin \textbf{31}(9) (2006)}}
}

@article{Hohenberg1964,
author = {Hohenberg, P and Kohn, W},
journal = {Phys. Rev.},
number = {3B},
pages = {B864--B871},
title = {Inhomogeneous Electron Gas},
volume = {136},
year = {1964},
doi={10.1103/PhysRev.136.B864}
}

@article{Kohn1965,
author = {Kohn, W and Sham, L J},
journal = {Phys. Rev.},
number = {4A},
pages = {A1133--A1138},
title = {Self-Consistent Equations Including Exchange and Correlation Effects},
volume = {140},
year = {1965},
doi={10.1103/PhysRev.140.A1133}
}


@book{Evans1990,
 ISBN = {9781921313226},
 URL = {http://www.jstor.org/stable/j.ctt24h99q},
 author = {Denis J. Evans and Gary P. Morriss},
 publisher = {Academic Press},
 city={London},
 title = {Statistical Mechanics of Nonequilibrium Liquids},
 year = {1990}
}

@article{Carbogno:2017gc,
author = {Carbogno, Christian and Ramprasad, Rampi and Scheffler, Matthias},
title = {Ab Initio {Green-Kubo} Approach for the Thermal Conductivity of Solids},
journal = {Phys. Rev. Lett.},
year = {2017},
volume = {118},
number = {17},
pages = {175901},
month = apr,
doi={10.1103/PhysRevLett.118.175901}
}

@article{Qian:2016hw,
author = {Qian, Xin and Gu, Xiaokun and Dresselhaus, Mildred S and Yang, Ronggui},
title = {{Anisotropic Tuning of Graphite Thermal Conductivity by Lithium Intercalation}},
journal = {J. Phys. Chem. Lett.},
year = {2016},
volume = {7},
number = {22},
pages = {4744--4750},
month = nov,
doi={10.1021/acs.jpclett.6b02295}
}

@article{Zhu:2016gl,
author = {Zhu, Gaohua and Liu, Jun and Zheng, Qiye and Zhang, Ruigang and Li, Dongyao and Banerjee, Debasish and Cahill, David G},
title = {{Tuning thermal conductivity in molybdenum disulfide by electrochemical intercalation}},
journal = {Nature Commun.},
year = {2016},
volume = {7},
pages = {13211},
month = oct,
doi={10.1038/ncomms13211}
}

@article{Volz:2016ky,
author = {Volz, Sebastian and Ordonez-Miranda, Jose and Shchepetov, Andrey and Prunnila, Mika and Ahopelto, Jouni and Pezeril, Thomas and Vaudel, Gwenaelle and Gusev, Vitaly and Ruello, Pascal and Weig, Eva M and Schubert, Martin and Hettich, Mike and Grossman, Martin and Dekorsy, Thomas and Alzina, Francesc and Graczykowski, Bartlomiej and Chavez-Angel, Emigdio and Sebastian Reparaz, J and Wagner, Markus R and Sotomayor Torres, Clivia M and Xiong, Shiyun and Neogi, Sanghamitra and Donadio, Davide},
title = {{Nanophononics: state of the art and perspectives}},
journal = {Eur. Phys. J. B},
year = {2016},
volume = {89},
number = {1},
pages = {15},
month = {jan},
doi = {10.1140/epjb/e2015-60727-7}
}


@article{Dalton:2013cd,
author = {Dalton, Douglas Allen and Hsieh, Wen-Pin and Hohensee, Gregory T and Cahill, David G and Goncharov, Alexander F},
title = {{Effect of mass disorder on the lattice thermal conductivity of MgO periclase under pressure}},
journal = {Sci. Rep.},
year = {2013},
volume = {3},
pages = {1--5},
month = aug
}

@article{Lindsay:2013fw,
author = {Lindsay, L and Broido, D A and Reinecke, T L},
title = {{First-Principles Determination of Ultrahigh Thermal Conductivity of Boron Arsenide: A Competitor for Diamond?}},
journal = {Phys. Rev. Lett.},
year = {2013},
volume = {111},
number = {2},
pages = {025901--5},
month = jul,
doi={10.1103/PhysRevLett.111.025901}
}

@article{Lindsay:2013db,
author = {Lindsay, L and Broido, D A and Reinecke, T L},
title = {{Ab initio thermal transport in compound semiconductors}},
journal = {Phys. Rev. B},
year = {2013},
volume = {87},
number = {16},
pages = {165201--15},
month = apr,
doi={10.1103/PhysRevB.87.165201}
}

@article{Pan:2012bb,
author = {Pan, Wei and Phillpot, Simon R and Wan, Chunlei and Chernatynskiy, Aleksandr and Qu, Zhixue},
title = {{Low thermal conductivity oxides}},
journal = {MRS Bulletin},
year = {2012},
volume = {37},
number = {10},
pages = {917--922},
month = oct
}

@article{Sellan:2010fl,
author = {Sellan, D P and Landry, E S and Turney, J E and McGaughey, A J H and Amon, C H},
title = {{Size effects in molecular dynamics thermal conductivity predictions}},
journal = {Phys. Rev. B},
year = {2010},
volume = {81},
number = {21},
pages = {214305}
}

@article{Turney:2009kj,
author = {Turney, J E and McGaughey, A J H and Amon, C H},
title = {{Assessing the applicability of quantum corrections to classical thermal conductivity predictions}},
journal = {Phys. Rev. B},
year = {2009},
volume = {79},
number = {22},
pages = {224305},
doi={0.1103/PhysRevB.81.214305}
}

@article{Turney:2009bb,
author = {Turney, J E and Landry, E S and McGaughey, A J H and Amon, C H},
title = {{Predicting phonon properties and thermal conductivity from anharmonic lattice dynamics calculations and molecular dynamics simulations}},
journal = {Phys. Rev. B},
year = {2009},
volume = {79},
number = {6},
pages = {064301},
doi={10.1103/PhysRevB.79.064301}
}

@article{Chiritescu:2007ee,
author = {Chiritescu, Catalin and Cahill, David G and Nguyen, Ngoc and Johnson, David and Bodapati, Arun and Keblinski, Pawel and Zschack, Paul},
title = {{Ultralow thermal conductivity in disordered, layered WSe2 crystals}},
journal = {Science},
year = {2007},
volume = {315},
number = {5810},
pages = {351--353}
}
@article{Callaway:1959uo,
  title = {Model for Lattice Thermal Conductivity at Low Temperatures},
  author = {Callaway, Joseph},
  journal = {Phys. Rev.},
  volume = {113},
  issue = {4},
  pages = {1046--1051},
  numpages = {0},
  year = {1959},
  month = {Feb},
  publisher = {American Physical Society},
  doi = {10.1103/PhysRev.113.1046},
  url = {https://link.aps.org/doi/10.1103/PhysRev.113.1046}
}

@article{Holland:1963uo,
author = {Holland, MG},
doi = {10.1103/PhysRev.132.2461},
isbn = {0031-899X},
issn = {0031-899X},
journal = {Phys. Rev.},
number = {6},
pages = {2461--2471},
title = {{Analysis of lattice thermal conductivity}},
doi = {10.1103/PhysRev.132.2461},
volume = {132},
year = {1963}
}

@book{Forster1975,
    title = {Hydrodynamic fluctuations, broken symmetry, and correlation functions},
    publisher = {Reading, Mass., W. A. Benjamin, Inc.},
     year = 1975,
   author = {Forster, D.},
}

@book{Kubo1991,
  Author = {Ryogo Kubo and Morikazu Toda and Natsuki Hashitsume},
  Title = {Statistical Physics II: Nonequilibrium Statistical Mechanics},
  Publisher = {Springer},
  Address = {Berlin},
  Year = {1991},
  ISBN = {354053833X},
}

@article{Broido:2007iu,
author = {Broido, D. A. and Malorny, M. and Birner, G. and Mingo, Natalio and Stewart, D. A.},
journal = {Appl. Phys. Lett.},
number = {23},
title = {Intrinsic lattice thermal conductivity of semiconductors from first principles},
volume = {91},
pages = {231922},
year = {2007},
doi = {10.1063/1.2822891}
}

@article{Cepellotti:2016bk,
author = {Cepellotti, Andrea and Marzari, Nicola},
doi = {10.1103/PhysRevX.6.041013},
eprint = {1603.02608},
isbn = {2160-3308},
issn = {21603308},
journal = {Phys. Rev. X},
number = {4},
pages = {1--19},
title = {{Thermal transport in crystals as a kinetic theory of relaxons}},
volume = {6},
year = {2016}
}

@article{Ladd1986,
author = {Ladd, Anthony J C and Moran, Bill and Hoover, William G},
title = {{Lattice thermal conductivity: A comparison of molecular dynamics and anharmonic lattice dynamics}},
journal = {Phys. Rev. B},
year = {1986},
volume = {34},
number = {8},
pages = {5058--5064},
month = oct,
doi={doi.org/10.1103/PhysRevB.34.5058}
}

@article{Wan:2015hd,
author = {Wan, Chunlei and Gu, Xiaokun and Dang, Feng and Itoh, Tomohiro and Wang, Yifeng and Sasaki, Hitoshi and Kondo, Mami and Koga, Kenji and Yabuki, Kazuhisa and Snyder, G Jeffrey and Yang, Ronggui and Koumoto, Kunihito},
title = {{Flexible n-type thermoelectric materials by organic intercalation of layered transition metal~dichalcogenide TiS2}},
journal = {Nat. Mater.},
year = {2015},
volume = {14},
number = {6},
pages = {622--627},
month = apr,
doi={10.1038/nmat4251}
}

@article{Resta2007,
author = {Resta, Raffaele and Vanderbilt, David},
doi = {10.1007/978-3-540-34591-6_2},
isbn = {3540345906},
issn = {03034216},
journal = {Top. Appl. Phys.},
number = {Cm},
pages = {31--68},
title = {{Theory of polarization: A modern approach}},
volume = {105},
year = {2007}
}

@book{Tritt2004,
  Editor = {Tritt, T.M.},
  Title = {Thermal Conductivity: Theory, Properties, and Applications (Physics of Solids and Liquids)},
  Publisher = {Kluwer Academic},
  Address = {New York},
  Year = {2005},
  ISBN = {0306483270}
}

@misc{Dyson1997,
  Note = {\emph{The computer ~$\cdots$ caused a revolution in physics itself, increasing the power of physical theories to interpret experiments and predict phenomena. $\cdots$  It is not a concept but a \emph{tool for clear thinking}. It helps us to think more clearly by enabling us to calculate more precisely. The computer has also had a revolutionary effect in narrowing the gap between modern mathematics and theoretical physics.} F.J. Dyson, in \emph{Imagined Worlds} (Harvard University Press, Cambridge MA, 1997) p. 51}
}

@article{Onsager1931a,
author = {Onsager, Lars},
doi = {10.1103/PhysRev.37.405},
isbn = {0031-899X},
issn = {0031899X},
journal = {Phys. Rev.},
number = {4},
pages = {405--426},
title = {Reciprocal relations in irreversible processes. I.},
volume = {37},
year = {1931}
}

@article{Onsager1931b,
author = {Onsager, L},
journal = {Phys. Rev.},
pages = {2265},
title = {RECIPROCAL RELATIONS IN IRREVERSIBLE PROCESSES. II.},
volume = {38},
year = {1931},
doi={10.1103/PhysRev.38.2265}
}

@article{Green1954,
author = {Green, MS},
pages = {398--413},
journal={J. Chem. Phys.},
title = {Markoff Random Processes and the Statistical Mechanics of Time-Dependent Phenomena. II. Irreversible Processes in Fluids},
url = {http://aip.scitation.org/doi/abs/10.1063/1.1740082},
doi = {10.1063/1.1740082},
volume = {22},
year = {1954}
}

@article{Green1952,
author = {Green, Melville S.},
doi = {10.1063/1.1700722},
journal={J. Chem. Phys.},
number = {8},
pages = {1281--1295},
title = {Markoff Random Processes and the Statistical Mechanics of TimeâDependent Phenomena.},
url = {http://aip.scitation.org/doi/10.1063/1.1740082},
volume = {20},
year = {1952}
}

@article{Kubo1957a,
author = {Kubo, R},
journal = {J. Phys. Soc. Jpn.},
number = {6},
pages = {570--586},
title = {Statistical-Mechanical Theory of Irreversible Processes. I. {General} Theory and Simple Applications to Magnetic and Conduction Problems},
url = {http://jpsj.ipap.jp/link?JPSJ/12/570/},
doi = {10.1143/JPSJ.12.570},
volume = {12},
year = {1957}
}


@article{Kubo1957b,
author = { Ryogo Kubo and  Mario Yokota and  Sadao Nakajima},
title = {Statistical-Mechanical Theory of Irreversible Processes. II. Response to Thermal Disturbance},
journal = {J. Phys. Soc. Jpn.},
volume = {12},
number = {11},
pages = {1203-1211},
year = {1957},
doi = {10.1143/JPSJ.12.1203},
}

@article{Kadanoff1963,
author = {Kadanoff, Leo P and Martin, Paul C},
doi = {10.1016/0003-4916(63)90078-2},
issn = {00034916},
journal = {Ann. Phys.},
month = {oct},
pages = {419--469},
title = {{Hydrodynamic equations and correlation functions}},
volume = {24},
year = {1963}
}

@article{Ercole2017,
Author = {Loris Ercole and Aris Marcolongo and Stefano Baroni},
Title = {Accurate thermal conductivities from optimally short molecular dynamics simulations},
Year = {2017},
journal = {Sci. Rep.},
volume={7},
pages={15835},
doi={10.1038/s41598-017-15843-2}
}

@article{Car1985,
author = {Car, R. and Parrinello, M.},
journal = {Phys. Rev. Lett.},
mendeley-groups = {papers,Wheat from Chaff},
month = {nov},
number = {22},
pages = {2471--2474},
title = {Unified Approach for Molecular Dynamics and Density-Functional Theory},
doi = {10.1103/PhysRevLett.55.2471},
volume = {55},
year = {1985}
}

@book{Marx2009,
  title={Ab Initio Molecular Dynamics: Basic Theory and Advanced Methods},
  author={Marx, D. and Hutter, J.},
  isbn={9781139477192},
  year={2009},
  publisher={Cambridge University Press}
}

@article{Stackhouse2010b,
author = {Stackhouse, Stephen and Stixrude, Lars and Karki, Bijaya B.},
doi = {10.1103/PhysRevLett.104.208501},
issn = {0031-9007},
journal = {Phys. Rev. Lett.},
month = {may},
number = {20},
pages = {208501},
title = {Thermal Conductivity of Periclase ({MgO}) from First Principles},
url = {http://link.aps.org/doi/10.1103/PhysRevLett.104.208501},
volume = {104},
year = {2010}
}

@article{Giannozzi1991,
address = {SCUOLA INT SUPER STUDI AVANZATI SISSA, I-34014 TRIESTE, ITALY},
author = {Giannozzi, P and {De Gironcoli}, S and Pavone, P and Baroni, S},
journal = {Phys. Rev. B},
keywords = {Density-Functional Approach,Force-Constants,Germanium,Lattice-Dynamics,Solids,silicon},
mendeley-groups = {papers},
month = {jan},
number = {9},
pages = {7231--7242},
title = {Ab initio calculation of phonon dispersions in semiconductors},
volume = {43},
year = {1991},
doi = {10.1103/PhysRevB.43.7231}
}

@article{Baroni1987a,
author = {Baroni, S and Giannozzi, P and Testa, A},
journal = {Phys. Rev. Lett.},
mendeley-groups = {papers},
number = {18},
pages = {1861--1864},
title = {Green's-function approach to linear response in solids},
volume = {58},
year = {1987},
doi={10.1103/PhysRevLett.58.1861}
}

@article{Baroni2001,
address = {SISSA, I-34014 Trieste, Italy},
author = {Baroni, S and de Gironcoli, S and {Dal Corso}, A and Giannozzi, P},
journal = {Rev. Mod. Phys.},
keywords = {Ab-Initio Calculation,Born Effective Charges,First-Principles Determination,Generalized Gradient Approximation,Iii-V-Semiconductors,Interatomic Force-Constants,Lattice-Dynamical Properties,Linear-Response Calculations,Norm-Conserving Pseudopotentials,Range Coulomb Interaction},
mendeley-groups = {papers},
month = {jan},
number = {2},
pages = {515--562},
title = {Phonons and related crystal properties from density-functional perturbation theory},
volume = {73},
year = {2001},
doi = {10.1103/RevModPhys.73.515}
}

@article{Debernardi1995,
author = {Debernardi, A and Baroni, S and Molinari, E},
journal = {Phys. Rev. Lett.},
keywords = {DFPT},
mendeley-groups = {papers},
month = {aug},
number = {9},
pages = {1819--1822},
title = {Anharmonic Phonon Lifetimes in Semiconductors from Density-Functional Perturbation Theory},
doi = {10.1103/PhysRevLett.75.1819},
volume = {75},
year = {1995}
}

@article{Gonze1989,
author = {Gonze, X and Vigneron, J},
journal = {Phys. Rev. B},
mendeley-groups = {papers},
month = {jun},
number = {18},
pages = {13120--13128},
title = {Density-functional approach to nonlinear-response coefficients of solids},
url = {http://dx.doi.org/10.1103/PhysRevB.39.13120 papers://cd8f99d0-5044-4616-a2ba-16178c317b14/Paper/p125},
volume = {39},
year = {1989}
}

@article{Paulatto2013,
  title = {Anharmonic properties from a generalized third-order ab initio approach: Theory and applications to graphite and graphene},
  author = {Paulatto, Lorenzo and Mauri, Francesco and Lazzeri, Michele},
  journal = {Phys. Rev. B},
  volume = {87},
  issue = {21},
  pages = {214303},
  numpages = {18},
  year = {2013},
  month = {Jun},
  publisher = {American Physical Society},
  doi = {10.1103/PhysRevB.87.214303},
  url = {https://link.aps.org/doi/10.1103/PhysRevB.87.214303}
}

@article{Giannozzi2009,
author = {Giannozzi, P and Baroni, S and Bonini, N and Calandra, M and Car, R and Cavazzoni, C and Ceresoli, D and Chiarotti, G L and Cococcioni, M and Dabo, I and Corso, A D and Gironcoli, Sd and Fabris, S and Fratesi, G and Gebauer, R and Gerstmann, U and Gougoussis, C and Kokalj, A and Lazzeri, M and Martin-Samos, L and Marzari, N and Mauri, F and Mazzarello, R and Paolini, S and Pasquarello, A and Paulatto, L and Sbraccia, C and Scandolo, S and Sclauzero, G and Seitsonen, A P and Smogunov, A and Umari, P and Wentzcovitch, R M},
journal = {J. Phys. Condens. Matter},
number = {39},
pages = {395502 (19pp)},
title = { {QUANTUM ESPRESSO}: a modular and open-source software project for quantum simulations of materials},
volume = {21},
year = {2009},
doi={10.1088/0953-8984/21/39/395502}
}

@article{Baroni1992,
author = {Baroni, S and Giannozzi, P},
journal = {Europhys. Lett.},
number = {6},
pages = {547--552},
title = {Towards Very Large-Scale Electronic-Structure Calculations},
volume = {17},
year = {1992},
doi={10.1209/0295-5075/17/6/012}
}

@article{SORELLA1989,
author = {Sorella, S and Baroni, S and Car, R and Parrinello, M},
journal = {Europhys. Lett.},
mendeley-groups = {papers},
month = {jan},
number = {7},
pages = {663--668},
title = {A NOVEL TECHNIQUE FOR THE SIMULATION OF INTERACTING FERMION SYSTEMS},
volume = {8},
year = {1989},
doi={10.1209/0295-5075/8/7/014}
}

@article{SILVESTRELLI1993,
address = {SCUOLA INT SUPER STUDI AVANZATI,I-34014 TRIESTE,ITALY},
author = {Silvestrelli, P L and Baroni, S and Car, R},
journal = {Phys. Rev. Lett.},
keywords = {Fermion Systems,Simulation,States,Transformation},
mendeley-groups = {papers},
month = {jan},
number = {8},
pages = {1148--1151},
title = {Auxiliary-Field Quantum Monte-Carlo Calculations for Systems with Long-Range Repulsine Interactions},
volume = {71},
year = {1993},
doi={10.1103/PhysRevLett.71.1148}
}

@article{Baroni1999,
address = {Scuola Int Super Studi Avanzati, I-34014 Trieste, Italy},
author = {Baroni, S and Moroni, S},
journal = {Phys. Rev. Lett.},
keywords = {Helium,Liquid-He-4,Path-Integrals},
mendeley-groups = {papers},
month = {jan},
number = {24},
pages = {4745--4748},
title = {Reptation quantum {Monte Carlo}: A method for unbiased ground-state averages and imaginary-time correlations},
volume = {82},
year = {1999},
doi={10.1103/PhysRevLett.82.4745}
}

@article{Carleo2011,
author = {Carleo, Giuseppe and Moroni, Saverio and Becca, Federico and Baroni, Stefano},
doi = {10.1103/PhysRevB.83.060411},
issn = {1098-0121},
journal = {Phys. Rev. B},
month = {feb},
number = {6},
pages = {1--4},
title = {Itinerant ferromagnetic phase of the {Hubbard} model},
url = {http://link.aps.org/doi/10.1103/PhysRevB.83.060411},
volume = {83},
year = {2011}
}

@article{Moroni2003,
address = {Univ Roma La Sapienza, SMC, INFM, I-00185 Rome, Italy},
author = {Moroni, S and Sarsa, A and Fantoni, S and Schmidt, K E and Baroni, S},
journal = {Phys. Rev. Lett.},
keywords = {Helium Clusters,Quantum Monte-Carlo,Solvation},
mendeley-groups = {papers},
month = {jan},
number = {14},
pages = {143401},
title = {Structure, rotational dynamics, and superfluidity of small {OCS-doped He} clusters},
volume = {90},
year = {2003},
doi={10.1103/PhysRevLett.90.143401}
}


@article{gubbinsetal_11,
annote = {10.1038/nature10068},
author = {Gubbins, David and Sreenivasan, Binod and Mound, Jon and Rost, Sebastian},
issn = {0028-0836},
journal = {Nature},
month = {may},
number = {7347},
pages = {361--363},
publisher = {Nature Publishing Group, a division of Macmillan Publishers Limited. All Rights Reserved.},
title = {Melting of the {Earth/'s} inner core},
url = {http://dx.doi.org/10.1038/nature10068},
volume = {473},
year = {2011}
}

@article{niuetal_15,
author = {Niu, Haiyang and Oganov, Artem R. and Chen, Xing-Qiu and Li, Dianzhong},
doi = {10.1038/srep18347},
issn = {2045-2322},
journal = {Sci. Rep.},
pages = {18347},
title = {Prediction of novel stable compounds in the {Mg-Si-O} system under exoplanet pressures},
url = {http://www.nature.com/articles/srep18347},
volume = {5},
year = {2015}
}

@article{ohtaetal_12,
author = {Ohta, Kenji and Yagi, Takashi and Taketoshi, Naoyuki and Hirose, Kei and Komabayashi, Tetsuya},
doi = {10.1016/j.epsl.2012.06.043},
issn = {0012-821X},
journal = {Earth Planet. Sci. Lett.},
keywords = {coreâmantle boundary heat flow,perovskite,post-perovskite,thermal conductivity,thermal diffusivity},
pages = {109--115},
title = {Lattice thermal conductivity of {MgSiO3} perovskite and post-perovskite at the core â mantle boundary},
url = {http://dx.doi.org/10.1016/j.epsl.2012.06.043},
volume = {349-350},
year = {2012}
}

@article{ammannetal_14,
author = {Ammann, Michael W. and Walker, Andrew M. and Stackhouse, Stephen and Wookey, James and Forte, Alessandro M. and Brodholt, John P. and Dobson, David P.},
doi = {10.1016/j.epsl.2014.01.009},
issn = {0012821X},
journal = {Earth Planet. Sci. Lett.},
month = {mar},
pages = {175--185},
title = {Variation of thermal conductivity and heat flux at the {Earth's} core mantle boundary},
volume = {390},
year = {2014}
}

@article{stackhouseetal_15,
author = {Stackhouse, Stephen and Stixrude, Lars and Karki, Bijaya B.},
journal = {Earth Planet. Sci. Lett.},
doi = {10.1016/j.epsl.2015.06.050},
issn = {0012821X},
pages = {11--17},
title = {First-principles calculations of the lattice thermal conductivity of the lower mantle},
volume = {427},
year = {2015}
}

@article{stixrude_14,
author = {Stixrude, Lars},
doi = {10.1098/rsta.2013.0076},
isbn = {1364-503X},
issn = {1364-503X},
journal = {Phil. Trans. R. Soc. A},
number = {2014},
pages = {20130076},
pmid = {24664915},
title = {Melting in super-earths.},
url = {http://www.ncbi.nlm.nih.gov/pubmed/24664915},
volume = {372},
year = {2014}
}

@article{tackleyetal_13,
author = {Tackley, P.J. and Ammann, M. and Brodholt, J.P. and Dobson, D.P. and Valencia, D.},
doi = {10.1016/j.icarus.2013.03.013},
issn = {00191035},
journal = {Icarus},
month = {jul},
number = {1},
pages = {50--61},
title = {Mantle dynamics in {super-Earths}: Post-perovskite rheology and self-regulation of viscosity},
url = {http://linkinghub.elsevier.com/retrieve/pii/S0019103513001231},
volume = {225},
year = {2013}
}

@article{maoetal_06b,
author = {Mao, Wendy L and Mao, Ho-Kwang and Sturhahn, Wolfgang and Zhao, Jiyong and Prakapenka, Vitali B and Meng, Yue and Shu, Jinfu and Fei, Yingwei and Hemley, Russell J},
journal = {Science},
number = {April},
pages = {564--565},
title = {Iron-Rich Post-Perovskite and the Origin of Ultralow-Velocity Zones Wendy},
volume = {312},
year = {2006},
doi={10.1126/science.1123442}
}

@article{redmeretal_11,
author = {Redmer, Ronald and Mattsson, Thomas R. and Nettelmann, Nadine and French, Martin},
doi = {10.1016/j.icarus.2010.08.008},
issn = {00191035},
journal = {Icarus},
keywords = {Magnetic fields,Neptune, Interior,Uranus, Interior},
number = {1},
pages = {798--803},
title = {The phase diagram of water and the magnetic fields of {Uranus and Neptune}},
volume = {211},
year = {2011}
}

@article{williamsgarnero_96,
  doi = {10.1126/science.273.5281.1528},
  url = {https://doi.org/10.1126/science.273.5281.1528},
  year  = {1996},
  month = {sep},
  publisher = {American Association for the Advancement of Science ({AAAS})},
  volume = {273},
  number = {5281},
  pages = {1528--1530},
  author = {Q. Williams and E. J. Garnero},
  title = {Seismic Evidence for Partial Melt at the Base of Earth{\textquotesingle}s Mantle},
  journal = {Science}
}

@article{nakajimastevenson_15,
author = {Nakajima, Miki and Stevenson, David J.},
doi = {10.1016/j.epsl.2015.06.023},
issn = {0012821X},
journal = {Earth Planet. Sci. Lett.},
month = {oct},
pages = {286--295},
title = {Melting and mixing states of the {Earth's} mantle after the {Moon-forming} impact},
url = {http://linkinghub.elsevier.com/retrieve/pii/S0012821X15003805},
volume = {427},
year = {2015}
}

@article{snyderetal_94,
author = {Snyder, Don and Carmichael, Ian},
journal = {J. Geophys. Res.},
number = {B8},
pages = {15503--15516},
title = {Experimental determination of the thermal conductivity of molten {CaMgSi2O} and the transport of heat through magmas},
volume = {99},
year = {1994},
doi={10.1029/94JB01018}
}

@article{sellan2010,
  title = {Size effects in molecular dynamics thermal conductivity predictions},
  author = {Sellan, D. P. and Landry, E. S. and Turney, J. E. and McGaughey, A. J. H. and Amon, C. H.},
  journal = {Phys. Rev. B},
  volume = {81},
  issue = {21},
  pages = {214305},
  numpages = {10},
  year = {2010},
  month = {Jun},
  publisher = {American Physical Society},
  doi = {10.1103/PhysRevB.81.214305},
  url = {https://link.aps.org/doi/10.1103/PhysRevB.81.214305}
}

@article{He2011,
author = {He, Yuping and Donadio, Davide and Galli, Giulia},
doi = {10.1063/1.3574366},
issn = {00036951},
journal = {Appl. Phys. Lett.},
number = {14},
pages = {144101},
title = {Heat transport in amorphous silicon: Interplay between morphology and disorder},
volume = {98},
year = {2011}
}

@article{Zaoui2016,
author = {Zaoui, Hayat and Palla, Pier Luca and Cleri, Fabrizio and Lampin, Evelyne},
year = {2016},
journal={Phys. Rev. B},
doi = {10.1103/PhysRevB.94.054304},
issn = {1550235X},
pages = {054304},
title = {Length dependence of thermal conductivity by approach-to-equilibrium molecular dynamics},
url = {http://arxiv.org/abs/1606.05437},
volume = {94}
}


@article{Paschoal:2017hw,
author = {Paschoal, Vitor H and Faria, Luiz F O and Ribeiro, Mauro C C},
title = {Vibrational Spectroscopy of Ionic Liquids},
journal = {Chem. Rev.},
year = {2017},
volume = {117},
number = {10},
pages = {7053--7112},
month = may
}

@article{Dong:2017df,
author = {Dong, Kun and Liu, Xiaomin and Dong, Haifeng and Zhang, Xiangping and Zhang, Suojiang},
title = {Multiscale Studies on Ionic Liquids},
journal = {Chem. Rev.},
year = {2017},
volume = {117},
number = {10},
pages = {6636--6695},
month = may,
doi= {10.1021/acs.chemrev.6b00776}
}

@article{Atashrouz:2015cu,
author = {Atashrouz, Saeid and Mozaffarian, Mehrdad and Pazuki, Gholamreza},
title = {Modeling the Thermal Conductivity of Ionic Liquids and ionanofluids Based on a Group Method of Data Handling and Modified Maxwell Model},
journal = {Ind. Eng. Chem. Res.},
year = {2015},
volume = {54},
number = {34},
pages = {8600--8610},
month = sep,
doi={10.1021/acs.iecr.5b00932}
}

@article{Chen:2014fl,
author = {Chen, Qiao-Li and Wu, Ke-Jun and He, Chao-Hong},
title = {Thermal Conductivity of Ionic Liquids at Atmospheric Pressure: Database, Analysis, and Prediction Using a Topological Index Method},
journal = {Ind. Eng. Chem. Res.},
year = {2014},
volume = {53},
number = {17},
pages = {7224--7232},
month = apr,
doi={10.1021/ie403500w}
}

@article{Zahn:2014dc,
author = {Zahn, Stefan and Brehm, Martin and Br{\"u}ssel, Marc and Holl{\'o}czki, Oldamur and Kohagen, Miriam and Lehmann, Sebastian and Malberg, Friedrich and Pensado, Alfonso Sanmartin and Sch{\"o}ppke, Matthias and Weber, Henry and Kirchner, Barbara},
title = {Understanding ionic liquids from theoretical methods},
journal = {J. Mol. Liq.},
year = {2014},
volume = {192},
number = {C},
pages = {71--76},
month = apr
}

@article{Abraham:2013go,
author = {Abraham, Theodore J and MacFarlane, Douglas R and Baughman, Ray H and Jin, Liyu and Li, Na and Pringle, Jennifer M},
title = {Towards ionic liquid-based thermoelectrochemical cells for the harvesting of thermal energy},
journal = {Electrochim. Acta},
year = {2013},
volume = {113},
pages = {87--93},
month = dec,
doi={0.1016/j.electacta.2013.08.087}
}

@article{Wendler:2012ho,
author = {Wendler, Katharina and Brehm, Martin and Malberg, Friedrich and Kirchner, Barbara and Delle Site, Luigi},
title = {Short Time Dynamics of Ionic Liquids in {AIMD}-Based Power Spectra},
journal = {J. Chem. Theory Comput.},
year = {2012},
volume = {8},
number = {5},
pages = {1570--1579},
month = may,
doi={10.1021/ct300152t}
}

@article{Timofeeva:2011jd,
author = {Timofeeva, Elena V and Yu, Wenhua and France, David M and Singh, Dileep and Routbort, Jules L},
title = {{Base fluid and temperature effects on the heat transfer characteristics of SiC in ethylene glycol/H2O and H2O nanofluids}},
journal = {J. Appl. Phys.},
year = {2011},
volume = {109},
number = {1},
pages = {014914--6},
month = jan
}

@article{Timofeeva:2011ct,
author = {Timofeeva, Elena V and Yu, Wenhua and France, David M and Singh, Dileep and Routbort, Jules L},
title = {{Nanofluids for heat transfer: an engineering approach}},
journal = {Nanoscale Research Letters},
year = {2011},
volume = {6},
number = {1},
pages = {182}
}

@article{Yu:2010eo,
author = {Yu, W and France, D M and Timofeeva, E V and Singh, D and Routbort, J L},
title = {{Thermophysical property-related comparison criteria for nanofluid heat transfer enhancement in turbulent flow}},
journal = {Appl. Phys. Lett.},
year = {2010},
volume = {96},
number = {21},
pages = {213109--4},
month = may,
doi={10.1063/1.3435487}
}

@article{Armand:2009is,
author = {Armand, Michel and Endres, Frank and MacFarlane, Douglas R and Ohno, Hiroyuki and Scrosati, Bruno},
title = {{Ionic-liquid materials for the electrochemical challenges of the future}},
journal = {Nat. Mater.},
year = {2009},
volume = {8},
number = {8},
pages = {621--629},
month = jul,
doi={10.1038/nmat2448}
}

@article{Wang:2007iy,
author = {Wang, Yanting and Jiang, Wei and Yan, Tianying and Voth, Gregory A},
title = {Understanding Ionic Liquids through Atomistic and Coarse-Grained Molecular Dynamics Simulations},
journal = {Acc. Chem. Res.},
year = {2007},
volume = {40},
number = {11},
pages = {1193--1199},
month = nov,
doi={10.1021/ar700160p}
}

@article{Valkenburg:2005fm,
author = {Valkenburg, Michael E Van and Vaughn, Robert L and Williams, Margaret and Wilkes, John S},
title = {{Thermochemistry of ionic liquid heat-transfer fluids}},
journal = {Thermochimica Acta},
year = {2005},
volume = {425},
number = {1-2},
pages = {181--188},
month = jan
}

@article{Kaviany:1990ig,
author = {Kaviany, M and Reckker, M},
title = {Performance of a Heat Exchanger Based on Enhanced Heat Diffusion in Fluids by Oscillation: Experiment},
journal = {J. Heat Transfer},
year = {1990},
volume = {112},
number = {1},
pages = {56}
}

@article{Fritsch:2014hh,
author = {Fritsch, Sebastian and Potestio, Raffaello and Donadio, Davide and Kremer, Kurt},
title = {{Nuclear Quantum Effects in Water: A Multiscale Study}},
journal={J. Chem. Theory Comput.},
year = {2014},
volume = {10},
number = {2},
pages = {816--824},
month = feb,
doi={10.1021/ct4010504}
}

@book{Hubbard:1984,
  Author = {William B Hubbard},
  Title = {Planetary interiors},
  Publisher = {Van Nostrand Reinhold},
  Year = {1984},
  ISBN = {0442237049},
}

@article{Fortney2010,
  doi = {10.1007/s11214-009-9582-x},
  url = {https://doi.org/10.1007/s11214-009-9582-x},
  year  = {2010},
  month = {dec},
  publisher = {Springer Nature},
  volume = {152},
  number = {1-4},
  pages = {423--447},
  author = {Jonathan J. Fortney and Nadine Nettelmann},
  title = {The Interior Structure,  Composition,  and Evolution of~Giant Planets},
  journal = {Space Sci. Rev.}
}

@article{Buffet2003,
author = {Buffet, Bruce A.},
doi = {10.1006/icar.2001.6739},
isbn = {0019-1035},
issn = {0019-1035},
journal = {Science},
pages = {1675--1677},
title = {The Thermal State of {Earth's} Core},
url = {http://www.sciencedirect.com/science/article/pii/S0019103501967399},
volume = {299},
year = {2003}
}

@article{Wahl2017,
archivePrefix = {arXiv},
arxivId = {1707.01997},
author = {Wahl, S. M. and Hubbard, W. B. and Militzer, B. and Guillot, T. and Miguel, Y. and Movshovitz, N. and Kaspi, Y. and Helled, R. and Reese, D. and Galanti, E. and Levin, S. and Connerney, J. E. and Bolton, S. J.},
doi = {10.1002/2017GL073160},
issn = {19448007},
journal = {Geophys. Res. Lett.},
keywords = {Juno,Jupiter,gravity,interior structure},
number = {10},
pages = {4649--4659},
title = {{Comparing Jupiter interior structure models to Juno gravity measurements and the role of a dilute core}},
volume = {44},
year = {2017}
}

@incollection{Hubbard:1995,
  editor = {Dale P. Cruikshank},
  author = {Hubbard, W.B and Podolak, M. and Stevenson, D.J.},
  booktitle = {Neptune and Triton},
  title = {The interior of Neptune},
  Publisher = {University of Arizona Press},
  Year = {1995},
  ISBN = {0816515255},
  pages = {109â138}
}

@article{Stanley2006,
author = {Stanley, Sabine and Bloxham, Jeremy},
doi = {10.1016/j.icarus.2006.05.005},
issn = {00191035},
journal = {Icarus},
keywords = {Magnetic fields,Neptune,Uranus},
number = {2},
pages = {556--572},
title = {{Numerical dynamo models of Uranus' and Neptune's magnetic fields}},
volume = {184},
year = {2006}
}

@article{Gonze2009,
title = "ABINIT: First-principles approach to material and nanosystem properties ",
journal = "Computer Physics Communications ",
volume = "180",
number = "12",
pages = "2582 - 2615",
year = "2009",
note = "40 \{YEARS\} \{OF\} CPC: A celebratory issue focused on quality software for
        high performance, grid and novel computing architectures ",
issn = "0010-4655",
doi = "10.1016/j.cpc.2009.07.007",
url = "http://www.sciencedirect.com/science/article/pii/S0010465509002276",
author = "X. Gonze and B. Amadon and P.-M. Anglade and J.-M. Beuken and F. Bottin and P. Boulanger
          and F. Bruneval and D. Caliste and R. Caracas and M. CÃ´t;Ã© and T. Deutsch and L. Genovese
          and Ph. Ghosez and M. Giantomassi and S. Goedecker and D.R. Hamann and P. Hermet and F. Jollet
          and G. Jomard and S. Leroux and M. Mancini and S. Mazevet and M.J.T. Oliveira and G. Onida
          and Y. Pouillon and T. Rangel and G.-M. Rignanese and D. Sangalli and R. Shaltaf and M. Torrent
          and M.J. Verstraete and G. Zerah and J.W. Zwanziger",
keywords = "First-principles calculation",
keywords = "Electronic structure",
keywords = "Density-Functional Theory",
keywords = "Many-Body Perturbation Theory "
}

@article{Lampin2013,
author = {Lampin, E. and Palla, P. L. and Francioso, P.-A. and Cleri, F.},
doi = {10.1063/1.4815945},
issn = {00218979},
journal = {J. Appl. Phys.},
number = {3},
pages = {033525},
title = {{Thermal conductivity from approach-to-equilibrium molecular dynamics}},
url = {http://scitation.aip.org/content/aip/journal/jap/114/3/10.1063/1.4815945},
volume = {114},
year = {2013}
}

@article{Wang2008,
author = {Wang, J. S. and Wang, J. and L{\"{u}}, J. T.},
doi = {10.1140/epjb/e2008-00195-8},
isbn = {1434-6028$\backslash$r1434-6036},
issn = {14346028},
journal = {Eur. Phys. J. B},
number = {4},
pages = {381--404},
title = {{Quantum thermal transport in nanostructures}},
volume = {62},
year = {2008}
}

@article{Runge1984,
author = {Runge, E and Gross, E K U},
journal = {Phys. Rev. Lett.},
keywords = {TDDFT},
number = {12},
pages = {997--1000},
title = {Density-Functional Theory for Time-Dependent Systems},
volume = {52},
year = {1984}
}

@article{Hybertsen1986,
author = {Hybertsen, Mark S. and Louie, Steven G.},
journal = {Phys. Rev. B},
number = {8},
pages = {5390--5413},
title = {Electron correlation in semiconductors and insulators: Band gaps and quasiparticle energies},
volume = {34},
year = {1986}
}

@book{Frenkel2001,
  Author = {Daan Frenkel and Berend Smit},
  Title = {Understanding Molecular Simulation: From Algorithms to Applications},
  Publisher = {Academic Press},
  Year = {2001},
  ISBN = {},
}

@book{Allen1989,
  Author = {M. P. Allen and D. J. Tildesley},
  Title = {Computer Simulation of Liquids},
  Publisher = {Clarendon Press},
  Year = {1989},
  ISBN = {0198556454},
}

@article{Muller-Plathe1997,
author = {M\"{u}ller-Plathe, Florian},
doi = {10.1063/1.473271},
isbn = {doi:10.1063/1.473271},
issn = {00219606},
journal = {J. Chem. Phys.},
number = {14},
pages = {6082},
title = {A simple nonequilibrium molecular dynamics method for calculating the thermal conductivity},
volume = {106},
year = {1997}
}

@article{Schelling2002,
author = {Schelling, Patrick K. and Phillpot, Simon R. and Keblinski, Pawel},
doi = {10.1103/PhysRevB.65.144306},
isbn = {1098-0121},
issn = {1098-0121},
journal = {Phys. Rev. B},
number = {14},
pages = {144306},
title = {Comparison of atomic-level simulation methods for computing thermal conductivity},
volume = {65},
year = {2002}
}

@article{He2012,
author = {He, Yuping and Savi{\'{c}}, Ivana and Donadio, Davide and Galli, Giulia},
doi = {10.1039/c2cp42394d},
issn = {1463-9084},
journal = {Phys. Chem. Chem. Phys.},
number = {47},
pages = {16209--22},
pmid = {23060011},
title = {{Lattice thermal conductivity of semiconducting bulk materials: atomistic simulations.}},
volume = {14},
year = {2012}
}

@article {Peierls1929,
author = {Peierls, R.},
title = {Zur kinetischen Theorie der WÃ¤rmeleitung in Kristallen},
journal = {Ann. Phys. (Berlin)},
volume = {395},
number = {8},
publisher = {WILEY-VCH Verlag},
issn = {1521-3889},
doi = {10.1002/andp.19293950803},
pages = {1055--1101},
year = {1929},
}

@article{Fugallo2013,
author = {Fugallo, Giorgia and Lazzeri, Michele and Paulatto, Lorenzo and Mauri, Francesco},
doi = {10.1103/PhysRevB.88.045430},
journal = {Phys. Rev. B},
number = {4},
pages = {045430--},
title = {{Ab initio variational approach for evaluating lattice thermal conductivity}},
volume = {88},
year = {2013}
}

@article{Oganov2004,
archivePrefix = {arXiv},
arxivId = {0911.3184},
author = {Oganov, Artem R. and Ono, Shigeaki},
doi = {10.1038/nature02701},
eprint = {0911.3184},
isbn = {0028-0836},
issn = {0028-0836},
journal = {Nature},
number = {6998},
pages = {445--448},
pmid = {15269766},
title = {{Theoretical and experimental evidence for a post-perovskite phase of MgSiO3 in Earth's D" layer.}},
volume = {430},
year = {2004}
}

@book{Chandrasekar1961,
  Author = {S Chandrasekhar},
  Title = {Hydrodynamic and Hydromagnetic Stability},
  Publisher = {Oxford University Press},
  Year = {1961},
  ISBN = {0198512376},
}

@book{dePater2010,
  Author = {Imke de Pater and Jack J. Lissauer},
  Title = {Planetary Sciences},
  Publisher = {Cambridge University Press},
  Year = {2010}
}

@article{Oganov2005,
author = {Oganov, Artem R. and Price, G. David and Scandolo, Sandro},
doi = {10.1524/zkri.220.5.531.65079},
issn = {00442968},
journal = {Z. Krist.},
number = {5-6},
pages = {531--548},
title = {{Ab initio theory of planetary materials}},
volume = {220},
year = {2005}
}

@article{Gillan2006,
author = {Gillan, M. J. and Alf{\`{e}}, Dario and Brodholt, J. and Vo{\v{c}}adlo, L. and Price, G. D.},
doi = {10.1088/0034-4885/69/8/R03},
isbn = {0034-4885},
issn = {0034-4885},
journal = {Rep. Progr. Phys.},
keywords = {ab-initio calculations,equation-of-state,functional perturbation-theory,generalized-gradient approximation,hydrogen-bond symmetrization,lower-mantle pressures,orthorhombic mgsio3 perovskite,post-perovskite phase,total-energy calculations,x-ray-diffraction},
number = {8},
pages = {2365--2441},
pmid = {240011600003},
title = {{First-principles modelling of Earth and planetary materials at high pressures and temperatures}},
volume = {69},
year = {2006}
}

@article{MacFarlane:2014hj,
author = {MacFarlane, Douglas R and Tachikawa, Naoki and Forsyth, Maria and Pringle, Jennifer M and Howlett, Patrick C and Elliott, Gloria D and Davis, James H and Watanabe, Masayoshi and Simon, Patrice and Angell, C Austen},
title = {{Energy applications of ionic liquids}},
journal = {Energy Environ. Sci.},
year = {2014},
volume = {7},
number = {1},
pages = {232--250},
doi={10.1039/C3EE42099J}
}

@article{Zwanzig67,
  title = {Elementary Excitations in Classical Liquids},
  author = {Zwanzig, Robert},
  journal = {Phys. Rev.},
  volume = {156},
  issue = {1},
  pages = {190--195},
  numpages = {0},
  year = {1967},
  doi={10.1103/PhysRev.156.190}
}
@article{Allen:1989ua,
author = {Allen, Philip B and Feldman, Joseph L},
title = {Thermal Conductivity of Glasses: Theory and Application to Amorphous {Si}},
journal = {Phys. Rev. Lett.},
year = {1989},
volume = {62},
number = {6},
pages = {645--648},
doi={10.1103/PhysRevLett.62.645}
}

@article{Donadio:2010kp,
author = {Donadio, Davide and Galli, Giulia},
title = {Temperature Dependence of the Thermal Conductivity of Thin Silicon Nanowires},
journal = {Nano Lett.},
year = {2010},
volume = {10},
number = {3},
pages = {847--851},
doi={10.1021/nl903268y}
}

@article{EwingNATURE15,
  title={Long-term storage of spent nuclear fuel},
  author={Ewing, Rodney C},
  journal={Nat. Mater.},
  volume={14},
  number={3},
  pages={252--257},
  year={2015},
  publisher={Nature Research},
  doi={10.1038/nmat4226}
}

@article{EwingPNE95,
  title={Radiation effects in nuclear waste forms for high-level radioactive waste},
  author={Ewing, RC and Weber, WJ and Clinard, FW},
  journal={Prog. Nucl. Energy},
  volume={29},
  number={2},
  pages={63--127},
  year={1995},
  publisher={Elsevier},
  doi={10.1016/0149-1970(94)00016-Y}
}

@book{IPFM11,
  publisher={International Panel on Fissile Materials},
  title={Spent Fuel from Nuclear Power Reactors - Experience and Lessons from Around the World},
  editor={H. Feiveson and Z. Mian and M. V. Ramana and F. von Hippel},
  pages={2--4},
  year={2011},
}

@article{PedesseauPRB15,
  title={First-principles study of a sodium borosilicate glass-former. II. The glass state},
  author={Pedesseau, Laurent and Ispas, Simona and Kob, Walter},
  journal={Phys. Rev. B},
  volume={91},
  number={13},
  pages={134202},
  year={2015},
  publisher={APS},
  doi={10.1103/PhysRevB.91.134202}
}

@article {ManaraAM09,
	author = {Manara, D. and Grandjean, A. and Neuville, D.R.},
	title = {Advances in understanding the structure of borosilicate glasses: A Raman spectroscopy study},
	volume = {94},
	number = {5-6},
	pages = {777--784},
	year = {2009},
	doi = {10.2138/am.2009.3027},
	publisher = {Mineralogical Society of America},
	issn = {0003-004X},
	URL = {http://ammin.geoscienceworld.org/content/94/5-6/777},
	journal = {Am. Mineral.}
}

@article{DelayeJNCS11,
  title={Molecular dynamics simulation of radiation damage in glasses},
  author={Delaye, J-M and Peuget, S and Bureau, G and Calas, G},
  journal={J. Non-Cryst. Solids},
  volume={357},
  number={14},
  pages={2763--2768},
  year={2011},
  publisher={Elsevier},
  doi={10.1016/j.jnoncrysol.2011.02.026}
}

@article{PeugetJNCS13,
title = "Comparison of radiation and quenching rate effects on the structure of a sodium borosilicate glass",
journal = "J. Non-Cryst. Solids",
volume = "378",
number = "",
pages = "201 - 212",
year = "2013",
note = "",
issn = "0022-3093",
doi = "http://dx.doi.org/10.1016/j.jnoncrysol.2013.07.019",
url = "http://www.sciencedirect.com/science/article/pii/S0022309313003979",
author = "Sylvain Peuget and Emilio Andrea Maugeri and Thibault Charpentier and ClÃ©ment Mendoza and MÃ©lanie Moskura and Toby Fares and Olivier Bouty and Christophe JÃ©gou",
keywords = "Borosilicate",
keywords = "Quenching rate",
keywords = "Irradiation",
keywords = "Raman spectroscopy",
keywords = "NMR"
}

@book{OjovanBook13,
  title={An introduction to nuclear waste immobilisation},
  author={Ojovan, Michael I and Lee, William E},
  year={2013},
  publisher={Newnes}
}

@article{MatzkeJNM93,
  title={Thermal and physicochemical properties important for the long term behavior of nuclear waste glasses},
  author={Matzke, Hj and Vernaz, E},
  journal={J. Nucl. Mater.},
  volume={201},
  pages={295--309},
  year={1993},
  publisher={Elsevier},
  doi={0.1016/0022-3115(93)90186-3}
}

@article{PeggPhysToday2015,
  title={Turning nuclear waste into glass},
  author={Pegg, Ian L},
  journal={Phys. Today},
  volume={68},
  number={2},
  pages={33--39},
  year={2015},
  doi={10.1063/PT.3.2687},
}

@article{SugawaraJNM14,
title = "High-temperature heat capacity and density of simulated high-level waste glass",
journal = "J. Nucl. Mater.",
volume = "454",
number = "1",
pages = "298 - 307",
year = "2014",
note = "",
issn = "0022-3115",
doi = "http://dx.doi.org/10.1016/j.jnucmat.2014.07.055",
url = "http://www.sciencedirect.com/science/article/pii/S0022311514004942",
author = "Toru Sugawara and Junki Katsuki and Takashi Shiono and Satoshi Yoshida and Jun Matsuoka and Kazuhiro Minami and Eiji Ochi",

}

@article{Marzari2012,
  title = {Maximally localized Wannier functions: Theory and applications},
  author = {Marzari, Nicola and Mostofi, Arash A. and Yates, Jonathan R. and Souza, Ivo and Vanderbilt, David},
  journal = {Rev. Mod. Phys.},
  volume = {84},
  issue = {4},
  pages = {1419--1475},
  numpages = {0},
  year = {2012},
  month = {Oct},
  publisher = {American Physical Society},
  doi = {10.1103/RevModPhys.84.1419},
  url = {https://link.aps.org/doi/10.1103/RevModPhys.84.1419}
}

@article{Damle2015,
archivePrefix = {arXiv},
arxivId = {1408.4926},
author = {Damle, Anil and Lin, Lin and Ying, Lexing},
doi = {10.1021/ct500985f},
eprint = {1408.4926},
issn = {15499626},
journal = {J. Chem. Theory Comput.},
number = {4},
pages = {1463--1469},
title = {{Compressed representation of Kohn-Sham orbitals via selected columns of the density matrix}},
volume = {11},
year = {2015}
}

@book{Brockwell1991,
  title={Time Series: Theory and Methods},
  author={P. J. Brockwell and R. A. Davis},
  isbn={978-0-387-97429-3},
  year={1991},
  publisher={Springer-Verlag New York}
}

@book{Stoica2005,
  title={Spectral Analysis of Signals},
  author={P. S. Stoica and R. Moses},
  publisher={Prentice Hall, Upper Saddle River},
  year={2005}
}

@book{Akaike1973,
  title={Information theory and an extension of the maximum likelihood principle, in 2nd International Symposium on Information Theory pp. 267-281 },
  author={H. Akaike},
  year={1972},
  publisher={edited by B. N. Petrov and F. CsÃ¡ki}
}

@book{Claeskens2008,
  title={Model Selection and Model Averaging},
  author={G. Claeskens and N. L. Hjort},
  isbn={978-0-387-97429-3},
  year={2008},
  publisher={Cambridge University Press}
}

@article{Childers1977,
author = {Childers, D. G. and Skinner, D. P. and Kemerait, R. C.},
doi = {10.1109/PROC.1977.10747},
isbn = {0018-9219},
issn = {15582256},
journal = {Proceedings of the IEEE},
number = {10},
pages = {1428--1443},
title = {The Cepstrum: A Guide to Processing},
volume = {65},
year = {1977}
}

@article{Cepellotti2015,
  doi = {10.1038/ncomms7400},
  url = {https://doi.org/10.1038/ncomms7400},
  year  = {2015},
  month = {mar},
  publisher = {Springer Nature},
  volume = {6},
  pages = {6400},
  author = {Andrea Cepellotti and Giorgia Fugallo and Lorenzo Paulatto and Michele Lazzeri and Francesco Mauri and Nicola Marzari},
  title = {Phonon hydrodynamics in two-dimensional materials},
  journal = {Nature Commun.}
}

@article{Irving1950,
author = {Irving, J H and Kirkwood, J G},
doi = {10.1063/1.1747782},
isbn = {doi:10.1063/1.1747782},
issn = {00219606},
journal = {J. Chem. Phys.},
number = {6},
pages = {817},
title = {{The statistical mechanical theory of transport processes. IV. The equations of hydrodynamics}},
url = {http://link.aip.org/link/?JCPSA6/18/817/1{\%}5Cnpapers://68dd8153-82a1-4a0e-9ae0-80ae65a14bf7/Paper/p150},
volume = {18},
year = {1950}
}

@article{Wang2017,
author = {Wang, Zuyuan and Ruan, Xiulin},
journal = {J. Appl. Phys.},
number = {4},
title = {{On the domain size effect of thermal conductivities from equilibrium and nonequilibrium molecular dynamics simulations}},
volume = {121},
pages={044301},
year = {2017},
doi = {10.1063/1.4974884}
}

@article{Kang2017,
author = {Kang, Jun and Wang, Lin-Wang},
doi = {10.1103/PhysRevB.96.020302},
issn = {2469-9950},
journal = {Phys. Rev. B},
number = {2},
pages = {20302},
title = {{First-principles Green-Kubo method for thermal conductivity calculations}},
volume = {96},
year = {2017}
}

@article{Zhou2016,
author = {Zhou, Jiawei and Liao, Bolin and Chen, Gang},
doi = {10.1088/0268-1242/31/4/043001},
isbn = {0268-1242},
issn = {0268-1242},
journal = {Semicond. Sci. Technol.},
keywords = {Seebeck coefficient,accumulated contribution,mean free path,mobility,scattering mechanism,semiconductor,thermal conductivity},
number = {4},
pages = {043001},
title = {{First-principles calculations of thermal, electrical, and thermoelectric transport properties of semiconductors}},
volume = {31},
year = {2016}
}

@article{Nevins2007,
author = {Nevins, D. and Spera, F. J.},
doi = {10.1080/08927020701675622},
isbn = {0892-7022},
issn = {0892-7022},
journal = {Mol. Simul.},
keywords = {green,kubo,molecular dynamics,nacl,viscosity},
number = {15},
pages = {1261--1266},
title = {{Accurate computation of shear viscosity from equilibrium molecular dynamics simulations}},
volume = {33},
year = {2007}
}

@article{Jones2012,
author = {Jones, R. E. and Mandadapu, K. K.},
doi = {10.1063/1.3700344},
issn = {1089-7690},
journal = {J. Chem. Phys.},
month = {apr},
number = {15},
pages = {154102},
pmid = {22519310},
title = {{Adaptive Green-Kubo estimates of transport coefficients from molecular dynamics based on robust error analysis.}},
url = {http://www.ncbi.nlm.nih.gov/pubmed/22519310},
volume = {136},
year = {2012}
}

@article{Zhang2015,
author = {Zhang, Y. and Otani, A. and Maginn, E. J.},
doi = {10.1021/acs.jctc.5b00351},
isbn = {1549-9618},
issn = {1549-9618},
journal = {J. Chem. Theory Comput.},
pages = {3537--3546},
title = {Reliable Viscosity Calculation from Equilibrium Molecular Dynamics Simulations: A Time Decomposition Method},
url = {http://dx.doi.org/10.1021/acs.jctc.5b00351},
volume = {11},
year = {2015}
}

@article{Oliveira2017,
author = {Oliveira, Laura de Sousa and Greaney, P. A.},
doi = {10.1103/PhysRevE.95.023308},
issn = {2470-0045},
journal = {Phys. Rev. E},
number = {2},
pages = {023308},
title = {{Method to manage integration error in the Green-Kubo method}},
volume = {95},
year = {2017}
}

@article{Chen2010,
author = {Chen, J. and Zhang, G. and Li, B.},
doi = {10.1016/j.physleta.2010.03.067},
issn = {03759601},
journal = {Phys. Lett. A},
keywords = {Heat conduction,Molecular dynamics,Thermal properties of crystalline solids},
number = {23},
pages = {2392--2396},
title = {{How to improve the accuracy of equilibrium molecular dynamics for computation of thermal conductivity?}},
volume = {374},
year = {2010}
}
@article{Brennecke:2001hh,
author = {Brennecke, Joan F and Maginn, Edward J},
title = {{Ionic liquids: Innovative fluids for chemical processing}},
doi = {10.1002/aic.690471102},
journal = {AIChE journal},
year = {2001},
volume = {47},
number = {11},
pages = {2384--2389},
month = nov
}

@article{Rousseau:2009es,
author = {Rousseau, Emmanuel and Siria, Alessandro and Jourdan, Guillaume and Volz, Sebastian and Comin, Fabio and Chevrier, Jo{\"e}l and Greffet, Jean-Jacques},
title = {{Radiative heat transfer at the nanoscale}},
journal = {Nat. Photon.},
year = {2009},
volume = {3},
number = {9},
pages = {514--517},
month = aug,
doi={10.1038/nphoton.2009.144}
}


@article{Khintchine1934,
author = {Khintchine, A},
doi = {10.1007/BF01449156},
issn = {1432-1807},
journal = {Math. Ann.},
number = {1},
pages = {604--615},
title = {{Korrelationstheorie der station{\"{a}}ren stochastischen Prozesse}},
url = {http://dx.doi.org/10.1007/BF01449156},
volume = {109},
year = {1934}
}

@article{Wiener1930,
author = {Wiener, N.},
doi = {10.1007/BF02546511},
journal = {Acta Math.},
pages = {117--258},
title = {{Generalized harmonic analysis}},
volume = {55},
year = {1930}
}

@article{TsuchiyaEPSL04,
title = "Phase transition in MgSiO3 perovskite in the earth's lower mantle",
journal = {Earth Planet. Sci. Lett.},
volume = "224",
number = "3",
pages = "241 - 248",
year = "2004",
note = "",
issn = "0012-821X",
doi = "http://dx.doi.org/10.1016/j.epsl.2004.05.017",
url = "http://www.sciencedirect.com/science/article/pii/S0012821X04003383",
author = "Taku Tsuchiya and Jun Tsuchiya and Koichiro Umemoto and Renata M. Wentzcovitch",
keywords = "post-perovskite",
keywords = "MgSiO",
keywords = "first principle",
keywords = "coreâmantle boundary",
keywords = "DÊº layer"
}

@article{LabrosseNature07,
  title={A crystallizing dense magma ocean at the base of the Earth's mantle},
  author={Labrosse, St{\'e}phane and Hernlund, JW and Coltice, Nicolas},
  journal={Nature},
  volume={450},
  number={7171},
  pages={866},
  year={2007},
  publisher={Nature Publishing Group},
  doi={10.1038/nature06355}
}

@article{Peligrad2010,
author = {Peligrad, M. and Wu, W. B.},
doi = {10.1214/10-AOP530},
issn = {00911798},
journal = {Ann. Prob.},
keywords = {Central limit theorem,Fourier transform,Martingale,Spectral analysis,Stationary process},
number = {5},
pages = {2009--2022},
title = {{Central limit theorem for Fourier transforms of stationary processes}},
volume = {38},
year = {2010}
}

@article{Geim:2014hf,
author = {Geim, A K and Grigorieva, I V},
title = {{Van der Waals heterostructures}},
journal = {Nature},
year = {2014},
volume = {499},
number = {7459},
pages = {419--425},
month = apr,
doi={doi:10.1038/nature12385}
}

@article{Yan:2010ee,
author = {Yan, Xiao and Poudel, Bed and Ma, Yi and Liu, W S and Joshi, G and Wang, Hui and Lan, Yucheng and Wang, Dezhi and Chen, Gang and Ren, Z F},
title = {{Experimental Studies on Anisotropic Thermoelectric Properties and Structures of n-Type Bi 2Te 2.7Se 0.3}},
journal = {Nano Lett.},
year = {2010},
volume = {10},
number = {9},
pages = {3373--3378},
month = sep,
doi={10.1021/nl101156v}
}
@article{Zhao:2016hs,
author = {Zhao, Li-Dong and Tan, Gangjian and Hao, Shiqiang and He, Jiaqing and Pei, Yanling and Chi, Hang and Wang, Heng and Gong, Shengkai and Xu, Huibin and Dravid, Vinayak P and Uher, Ctirad and Snyder, G Jeffrey and Wolverton, Chris and Kanatzidis, Mercouri G},
title = {{Ultrahigh power factor and thermoelectric performance in hole-doped single-crystal SnSe}},
journal = {Science},
year = {2016},
volume = {351},
number = {6269},
pages = {141--144},
month = jan,
doi = {10.1126/science.aad3749}
}

@article{Skelton:2016if,
author = {Skelton, Jonathan M and Burton, Lee A and Parker, Stephen C and Walsh, Aron and Kim, Chang-Eun and Soon, Aloysius and Buckeridge, John and Sokol, Alexey A and Catlow, C Richard A and Togo, Atsushi and Tanaka, Isao},
title = {{Anharmonicity in the High-Temperature CmcmPhase of SnSe: Soft Modes and Three-Phonon Interactions}},
journal = {Phys. Rev. Lett.},
year = {2016},
volume = {117},
number = {7},
pages = {075502--6},
month = aug,
doi={10.1103/PhysRevLett.117.075502}
}


@article{KimJNCS15,
title = "The effect of borate and silicate structure on thermal conductivity in the molten Na2OâB2O3âSiO2 system",
journal = "J. Non-Cryst. Solids",
volume = "415",
number = "",
pages = "1 - 8",
year = "2015",
note = "",
issn = "0022-3093",
doi = "http://dx.doi.org/10.1016/j.jnoncrysol.2015.02.008",
url = "http://www.sciencedirect.com/science/article/pii/S0022309315000563",
author = "Youngjae Kim and Yutaka Yanaba and Kazuki Morita",
keywords = "Hot-wire method",
keywords = "Thermal conductivity",
keywords = "Molten oxide structure",
keywords = "Sodium borosilicate",
keywords = "MAS NMR"
}


@article{CormierPRB00,
  title = {Competition for charge compensation in borosilicate glasses: Wide-angle x-ray scattering and molecular dynamics calculations},
  author = {Cormier, L. and Ghaleb, D. and Delaye, J.-M. and Calas, G.},
  journal = {Phys. Rev. B},
  volume = {61},
  issue = {21},
  pages = {14495--14499},
  numpages = {0},
  year = {2000},
  month = {Jun},
  publisher = {American Physical Society},
  doi = {10.1103/PhysRevB.61.14495},
  url = {https://link.aps.org/doi/10.1103/PhysRevB.61.14495}
}

@article{DelayePRB00,
  title = {Dynamic processes during displacement cascades in oxide glasses: A molecular-dynamics study},
  author = {Delaye, J.-M. and Ghaleb, D.},
  journal = {Phys. Rev. B},
  volume = {61},
  issue = {21},
  pages = {14481--14494},
  numpages = {0},
  year = {2000},
  month = {Jun},
  publisher = {American Physical Society},
  doi = {10.1103/PhysRevB.61.14481},
  url = {https://link.aps.org/doi/10.1103/PhysRevB.61.14481}
}

@article{YunJNCS78,
title = "Nuclear magnetic resonance studies of the glasses in the system Na{$_2$}O-B{$_2$}O{$_3$}-SiO{$_2$}",
journal = "J. Non-Cryst. Solids",
volume = "27",
number = "3",
pages = "363 - 380",
year = "1978",
note = "",
issn = "0022-3093",
doi = "http://dx.doi.org/10.1016/0022-3093(78)90020-0",
author = "Y.H. Yun and P.J. Bray",

}

@article{YunJNCS79,
title = "Correction and addendum to âNuclear Magnetic Resonance Studies of the Glasses in the System Na{$_2$}O-B{$_2$}O{$_3$}-SiO{$_2$}â",
journal = "J. Non-Cryst. Solids",
volume = "33",
number = "2",
pages = "273 - 277",
year = "1979",
note = "",
issn = "0022-3093",
doi = "http://dx.doi.org/10.1016/0022-3093(79)90055-3",
author = "Y.H. Yun and S.A. Feller and P.J. Bray",

}

@article{DellJNCS83,
title = "11B NMR studies and structural modeling of Na{$_2$}O-B{$_2$}O{$_3$}-SiO{$_2$} glasses of high soda content",
journal = "J. Non-Cryst. Solids",
volume = "58",
number = "1",
pages = "1 - 16",
year = "1983",
note = "",
issn = "0022-3093",
doi = "http://dx.doi.org/10.1016/0022-3093(83)90097-2",
url = "http://www.sciencedirect.com/science/article/pii/0022309383900972",
author = "W.J. Dell and P.J. Bray and S.Z. Xiao",
}

@article{Lee:2015ex,
author = {Lee, Sangyeop and Broido, David and Esfarjani, Keivan and Chen, Gang},
title = {{Hydrodynamic phonon transport in suspended graphene}},
journal = {Nature Commun.},
year = {2015},
volume = {6},
pages = {6290},
month = feb,
doi={10.1038/ncomms7290}
}

@article{Nolas:1999kv,
author = {Nolas, G S and Morelli, D T and Tritt, Terry M},
title = {{SKUTTERUDITES: A Phonon-Glass-Electron Crystal Approach to Advanced Thermoelectric Energy Conversion Applications}},
journal = {Annu. Rev. Mater. Sci.},
doi = {10.1146/annurev.matsci.29.1.89},
year = {1999},
volume = {29},
number = {1},
pages = {89--116}
}

@article{Cavazzoni1999,
author = {Cavazzoni, C. and Chiarotti, G. L. and Scandolo, S. and Tosatti, E. and Bernasconi, M. and Parrinello, M.},
doi = {10.1126/science.283.5398.44},
isbn = {0036-8075},
issn = {00368075},
journal = {Science},
number = {5398},
pages = {44--46},
pmid = {9872734},
title = {{Superionic and Metallic States of Water and Ammonia at Giant Planet Conditions.}},
volume = {283},
year = {1999}
}

@book{Lamb1998,
  Author = {Lamb, Simon and  Sington, David},
  Title = {Earth Story: The Shaping of Our World},
  Publisher = {BBC BOOKS},
  Year = {1998},
  ISBN = {0563387998}
}

@article{Walker2006,
address = {Int Ctr Theoret Phys, Abdus Salam Int Ctr Theoret Phys, I-34014 Trieste, Italy},
author = {Walker, B and Saitta, A M and Gebauer, R and Baroni, S},
journal = {Phys. Rev. Lett.},
keywords = {Approximation,Benzene,Excitation-Energies,Implementation,Molecules,Real-Time,States},
month = {jan},
number = {11},
pages = {113001},
title = {{Efficient approach to time-dependent density-functional perturbation theory for optical spectroscopy}},
volume = {96},
year = {2006},
doi={10.1103/PhysRevLett.96.113001}
}

@article{Umari2009,
author = {Umari, P and Stenuit, G and Baroni, S},
journal = {Phys. Rev. B},
mendeley-groups = {papers},
month = {jan},
number = {20},
pages = {201104},
title = {{Optimal representation of the polarization propagator for large-scale GW calculations}},
volume = {79},
year = {2009},
doi={10.1103/PhysRevB.79.201104}
}

@article{Umari2010,
author = {Umari, P. and Stenuit, Geoffrey and Baroni, Stefano},
doi = {10.1103/PhysRevB.81.115104},
issn = {1098-0121},
journal = {Phys. Rev. B},
month = {mar},
number = {11},
pages = {115104},
title = {{GW quasiparticle spectra from occupied states only}},
volume = {81},
year = {2010}
}

@article{Rocca2008,
author = {Rocca, D and Gebauer, R and Saad, Y and Baroni, S},
journal = {J. Chem. Phys.},
volume = {128},
number = {15},
pages = {154105},
title = {{Turbo charging time-dependent density-functional theory with Lanczos chains}},
year = {2008},
doi={10.1063/1.2899649}
}

@Article{French_2010:long_range,
author = {French, Roger H. and Parsegian, V. Adrian and Podgornik, Rudolf and Rajter, Rick F. and Jagota, Anand and Luo, Jian and Asthagiri, Dilip and Chaudhury, Manoj K. and Chiang, Yet-ming and Granick, Steve and Kalinin, Sergei and Kardar, Mehran and Kjellander, Roland and Langreth, David C. and Lewis, Jennifer and Lustig, Steve and Wesolowski, David and Wettlaufer, John S. and Ching, Wai-Yim and Finnis, Mike and Houlihan, Frank and von Lilienfeld, O. Anatole and van Oss, Carel Jan and Zemb, Thomas},
title = {Long range interactions in nanoscale science},
journal      = {Rev. Mod. Phys.},
volume       = {82},
number       = {2},
pages        = {1887--1944},
year         = {2010},
doi          = {10.1103/RevModPhys.82.1887}
}

@article{Dion2004,
author = {Dion, M and Rydberg, H and Schr\"oder, E and Langreth, D C and Lundqvist, B I},
journal = {Phys. Rev. Lett.},
month = {jun},
number = {24},
pages = {246401},
title = {{Van der Waals Density Functional for General Geometries}},
doi = {10.1103/PhysRevLett.92.246401},
volume = {92},
year = {2004}
}

@article{Berland2015,
author = {Berland, K. and Cooper, V.R. and Lee, K. and Schr{\"{o}}der, E. and Thonhauser, T. and Hyldgaard, P. and Lundqvist, B.I.},
doi = {10.1088/0034-4885/78/6/066501},
issn = {0034-4885},
journal = {Rep. Progr. Phys.},
number = {6},
pages = {66501},
pmid = {25978530},
title = {{van der Waals forces in density functional theory: a review of the vdW-DF method}},
volume = {78},
year = {2015}
}

@article{Grimme2007,
  doi = {10.1039/b615319b},
  url = {https://doi.org/10.1039/b615319b},
  year  = {2007},
  publisher = {Royal Society of Chemistry ({RSC})},
  volume = {5},
  number = {5},
  pages = {741--758},
  author = {Stefan Grimme and Jens Antony and Tobias Schwabe and Christian M\"{u}ck-Lichtenfeld},
  title = {Density functional theory with dispersion corrections for supramolecular structures,  aggregates,  and complexes of (bio)organic molecules},
  journal = {Org. Biomol. Chem.}
}

@article{Tkatchenko2009,
author = {Tkatchenko, A and Scheffler, M},
doi = {10.1103/PhysRevLett.102.073005},
journal = {Phys. Rev. Lett.},
month = {jan},
number = {7},
pages = {73005},
title = {{Accurate Molecular Van Der Waals Interactions from Ground-State Electron Density and Free-Atom Reference Data}},
volume = {102},
year = {2009}
}

@article{Tkatchenko2012,
author = {Tkatchenko, Alexandre and DiStasio, Robert A. and Car, Roberto and Scheffler, Matthias},
doi = {10.1103/PhysRevLett.108.236402},
issn = {0031-9007},
journal = {Phys. Rev. Lett.},
month = {jun},
number = {23},
pages = {236402},
title = {{Accurate and Efficient Method for Many-Body van der Waals Interactions}},
url = {http://link.aps.org/doi/10.1103/PhysRevLett.108.236402},
volume = {108},
year = {2012}
}

@article{Galamba2007,
author = {Galamba, N and {Nieto de Castro}, C a and Ely, James F},
doi = {10.1063/1.2734965},
issn = {0021-9606},
journal = {J. Chem. Phys.},
month = {may},
number = {20},
pages = {204511},
pmid = {17552782},
title = {{Equilibrium and nonequilibrium molecular dynamics simulations of the thermal conductivity of molten alkali halides.}},
volume = {126},
year = {2007}
}

@article{Ohtori2009b,
author = {Ohtori, Norikazu and Salanne, Mathieu and Madden, Paul A.},
doi = {10.1063/1.3086856},
isbn = {0021-9606},
issn = {00219606},
journal = {J. Chem. Phys.},
number = {10},
pmid = {19292541},
title = {{Calculations of the thermal conductivities of ionic materials by simulation with polarizable interaction potentials}},
volume = {130},
year = {2009}
}

@article{Ohtori2009a,
author = {Ohtori, Norikazu and Oono, Takuya and Takase, Keiichi},
doi = {10.1063/1.3064588},
issn = {0021-9606, 1089-7690},
journal = {J. Chem. Phys.},
number = {4},
pages = {044505},
pmid = {19191396},
title = {{Thermal conductivity of molten alkali halides: Temperature and density dependence}},
volume = {130},
year = {2009}
}

@article{Salanne2011,
author = {Salanne, Mathieu and Marrocchelli, Dario and Merlet, C{\'{e}}line and Ohtori, Norikazu and Madden, Paul A},
doi = {10.1088/0953-8984/23/10/102101},
issn = {0953-8984},
journal = {J. Phys. Condens. Matter},
number = {10},
pages = {102101},
pmid = {21335634},
title = {{Thermal conductivity of ionic systems from equilibrium molecular dynamics}},
volume = {23},
year = {2011}
}

@article{Pan2016,
  doi = {10.1016/j.ijheatmasstransfer.2016.07.042},
  year  = {2016},
  month = {dec},
  publisher = {Elsevier {BV}},
  volume = {103},
  pages = {417--427},
  author = {Ge-Chuan Pan and Jing Ding and Weilong Wang and Jianfeng Lu and Jiang Li and Xiaolan Wei},
  title = {Molecular simulations of the thermal and transport properties of alkali chloride salts for high-temperature thermal energy storage},
  journal = {Int. J. Heat Mass Transfer}
}


@article{Akaike1974,
author = {H. Akaike},
doi = {10.1109/TAC.1974.1100705},
journal = {IEEE Trans. Autom. Control},
number = {6},
pages = {716--723},
title = {A New Look at the Statistical Model Identification},
url = {https://doi.org/10.1109/TAC.1974.1100705},
volume = {19},
year = {1974}
}

@article{Burnham2004,
author = {Burnham, K. P. and Anderson, R. P.},
doi = {10.1177/0049124104268644},
isbn = {00491241 (ISSN)},
issn = {0049-1241},
journal = {Soc. Meth. Res.},
keywords = {aic,bic,model averaging,model selection,multimodel inference},
number = {2},
pages = {261--304},
pmid = {21699709},
title = {{Multimodel Inference: Understanding AIC and BIC in Model Selection}},
volume = {33},
year = {2004}
}

@article{Tian:2013bq,
author = {Tian, Y and Zhao, C Y},
title = {{A review of solar collectors and thermal energy storage in solar thermal applications}},
journal = {Applied Energy},
year = {2013},
volume = {104},
number = {C},
pages = {538--553},
month = apr
}
@article{Lindroth:2016dq,
author = {Lindroth, Daniel O and Erhart, Paul},
title = {{Thermal transport in van der Waals solids from first-principles calculations}},
journal = {Phys. Rev. B},
year = {2016},
volume = {94},
number = {11},
pages = {115205--11},
month = sep,
doi={10.1103/PhysRevB.94.115205}
}

@article{Cheng:2014fb,
author = {Cheng, Yingchun and Nie, Anmin and Zhang, Qingyun and Gan, Li-Yong and Shahbazian-Yassar, Reza and Schwingenschlogl, Udo},
title = {{Origin of the Phase Transition in Lithiated Molybdenum Disulfide}},
journal = {Acs Nano},
year = {2014},
volume = {8},
number = {11},
pages = {11447--11453},
month = nov,
doi={10.1021/nn505668c}
}

@article{Sood2017,
author = {Sood, A and Xiong, F and Chen, S and  Wang, H and Selli, D and Zhang, J and McClellan, C and Sun, J. and Donadio, D and Cui, Yi and Pop, E and Goodson, Kennet E.},
journal = {submitted},
year = 2018
}

@article{Cisneros2016,
author = {Cisneros, Gerardo AndrÃ©s and Wikfeldt, Kjartan Thor and OjamÃ¤e, Lars and Lu, Jibao and Xu, Yao and Torabifard, Hedieh and BartÃ³k, Albert P. and CsÃ¡nyi, GÃ¡bor and Molinero, Valeria and Paesani, Francesco},
title = {Modeling Molecular Interactions in Water: From Pairwise to Many-Body Potential Energy Functions},
journal = {Chemical Reviews},
volume = {116},
number = {13},
pages = {7501-7528},
year = {2016},
doi = {10.1021/acs.chemrev.5b00644},
note ={PMID: 27186804},
}

@article{Karki2001,
  doi = {10.1029/2000rg000088},
  year  = {2001},
  month = {nov},
  publisher = {Wiley-Blackwell},
  volume = {39},
  number = {4},
  pages = {507--534},
  author = {Bijaya B. Karki and Lars Stixrude and Renata M. Wentzcovitch},
  title = {High-pressure elastic properties of major materials of Earth{\textquotesingle}s mantle from first principles},
  journal = {Reviews of Geophysics}
}

@ARTICLE{MauroFM14,
AUTHOR={Mauro, John C.},
TITLE={Grand Challenges in Glass Science},
JOURNAL={Frontiers in Materials},
VOLUME={1},
PAGES={20},
YEAR={2014},
URL={http://journal.frontiersin.org/article/10.3389/fmats.2014.00020},
DOI={10.3389/fmats.2014.00020},
ISSN={2296-8016}
}

@article{CahillARPC88,
author = { Cahill, D G and Pohl, R. O. },
title = {Lattice Vibrations and Heat Transport in Crystals and Glasses},
journal = {Annu. Rev. Phys. Chem.},
volume = {39},
number = {1},
pages = {93-121},
year = {1988},
doi = {10.1146/annurev.pc.39.100188.000521},
}


@article{KimJNCS17,
title = "Temperature dependence and cation effects in the thermal conductivity of glassy and molten alkali borates",
journal = "J. Non-Cryst. Solids",
volume = "471",
number = "",
pages = "187 - 194",
year = "2017",
note = "",
issn = "0022-3093",
doi = "http://dx.doi.org/10.1016/j.jnoncrysol.2017.05.034",
url = "http://www.sciencedirect.com/science/article/pii/S0022309317302922",
author = "Youngjae Kim and Kazuki Morita",
keywords = "Transient hot-wire method",
keywords = "Thermal conductivity",
keywords = "Alkali-borate structure",
keywords = "Cation effect",
keywords = "Ionization potential",
keywords = "One-dimensional Debye temperature"
}

@article{Schwingen2014,
author = {Gandi, Appala Naidu and Schwingenschlogl, Udo},
title = {WS2 As an Excellent High-Temperature Thermoelectric Material},
journal = {Chemistry of Materials},
volume = {26},
number = {22},
pages = {6628-6637},
year = {2014},
doi = {10.1021/cm503487n}
}

@article{SnSeBTE,
author = {Wang, Fancy Qian and Zhang, Shunhong and Yu, Jiabing and Wang, Qian},
title = {{Thermoelectric properties of single-layered SnSe sheet}},
journal = {Nanoscale},
year = {2015},
volume = {7},
pages = {15962--15970}
}

@article{Li:2015gf,
author = {Li, C W and Hong, J and May, A F and Bansal, D and Chi, S and Hong, T and Ehlers, G and Delaire, O},
title = {{Orbitally driven giant phonon anharmonicity in~SnSe}},
journal = {Nature Phys},
year = {2015},
volume = {11},
number = {12},
pages = {1063--1069},
month = oct
}

@article{PhysRevX.4.011019,
  title = {Finding Unprecedentedly Low-Thermal-Conductivity Half-Heusler Semiconductors via High-Throughput Materials Modeling},
  author = {Carrete, Jes\'us and Li, Wu and Mingo, Natalio and Wang, Shidong and Curtarolo, Stefano},
  journal = {Phys. Rev. X},
  volume = {4},
  issue = {1},
  pages = {011019},
  numpages = {9},
  year = {2014},
  month = {Feb},
  publisher = {American Physical Society},
  doi = {10.1103/PhysRevX.4.011019},
  url = {https://link.aps.org/doi/10.1103/PhysRevX.4.011019}
}

@article{Pereira:2013bo,
author = {Pereira, Luiz Felipe C and Donadio, Davide},
title = {{Divergence of the thermal conductivity in uniaxially strained graphene}},
journal = {Phys. Rev. B},
year = {2013},
volume = {87},
number = {12},
pages = {125424},
month = mar,
doi={10.1103/PhysRevB.87.125424}
}

@article{Martyna:1992gy,
author = {Martyna, Glenn J and Klein, Michael L and Tuckerman, Mark},
title = {{Nos\'e-Hoover chains: The canonical ensemble via continuous dynamics}},
journal = {J. Chem. Phys.},
year = {1992},
volume = {97},
number = {4},
pages = {2635--2643},
doi={dx.doi.org/10.1063/1.463940}
}

@article{Bussi:2007cs,
author = {Bussi, Giovanni and Donadio, Davide and Parrinello, Michele},
title = {{Canonical sampling through velocity rescaling}},
journal = {J. Chem. Phys.},
year = {2007},
volume = {126},
number = {1},
pages = {014101},
doi={10.1063/1.2408420}
}

@article{Pop:2010dv,
author = {Pop, Eric},
title = {Energy Dissipation and Transport in Nanoscale Devices},
journal = {Nano Res.},
year = {2010},
volume = {3},
number = {3},
pages = {147--169},
doi={10.1007/s12274-010-1019-z}
}

@article{Shi:2015io,
author = {Shi, Li and Dames, Chris and Lukes, Jennifer R and Reddy, Pramod and Duda, John and Cahill, David G and Lee, Jaeho and Marconnet, Amy and Goodson, Kenneth E and Bahk, Je-Hyeong and Shakouri, Ali and Prasher, Ravi S and Felts, Jonathan and King, William P and Han, Bumsoo and Bischof, John C},
title = {Evaluating Broader Impacts of Nanoscale Thermal Transport Research},
journal = {Nanosc. Microsc. Therm.},
year = {2015},
volume = {19},
number = {2},
pages = {127--165},
month = jun,
doi={10.1080/15567265.2015.1031857}
}

@book{ziman,
author = {Ziman, J M},
title = {{Electrons and Phonons: The Theory of Transport Phenomena in Solids}},
publisher = {Oxford University Press},
year = {1960},
address = {USA}
}

@article{Bartok:2010fj,
author = {Bart{\'o}k, Albert P and Payne, Mike C and Cs{\'a}nyi, G{\'a}bor},
title = {{Gaussian Approximation Potentials: The Accuracy of Quantum Mechanics, without the Electrons}},
journal = {Phys. Rev. Lett.},
year = {2010},
volume = {104},
number = {13},
pages = {136403},
month = apr,
doi={0.1103/PhysRevLett.104.136403}
}
@article{Behler:2007fe,
author = {Behler, Joerg and Parrinello, Michele},
title = {{Generalized neural-network representation of high-dimensional potential-energy surfaces}},
journal = {Phys. Rev. Lett.},
year = {2007},
volume = {98},
number = {14},
pages = {146401},
doi={10.1103/PhysRevLett.98.146401}
}

@article{Izvekov:2004ur,
author = {Izvekov, Sergei and Parrinello, Michele and Burnham, Christian J and Voth, Gregory A},
title = {{Effective force fields for condensed phase systems from ab initio molecular dynamics simulation: A new method for force-matching}},
journal = {J. Chem. Phys.},
year = {2004},
volume = {120},
number = {23},
pages = {10896--10913},
doi={10.1063/1.1739396}
}

@article{Cahill2003,
  doi = {10.1063/1.1524305},
  year  = {2003},
  month = {jan},
  publisher = {{AIP} Publishing},
  volume = {93},
  number = {2},
  pages = {793--818},
  author = {David G. Cahill and Wayne K. Ford and Kenneth E. Goodson and Gerald D. Mahan and Arun Majumdar and Humphrey J. Maris and Roberto Merlin and Simon R. Phillpot},
  title = {Nanoscale thermal transport},
  journal = {J. Appl. Phys.}
}

@article{Cahill:2014bx,
author = {Cahill, David G and Braun, Paul V and Chen, Gang and Clarke, David R and Fan, Shanhui and Goodson, Kenneth E and Keblinski, Pawel and King, William P and Mahan, Gerald D and Majumdar, Arun},
title = {{Nanoscale thermal transport. II. 2003{\textendash}2012}},
journal = {Appl. Phys. Rev.},
year = {2014},
volume = {1},
number = {1},
pages = {11305},
doi={10.1063/1.4832615}
}

@book{Anderson1994,
  Author = {Theodore W. Anderson},
  Title = {The Statistical Analysis of Time Series},
  Publisher = {Wiley-Interscience},
  Year = {1994},
  ISBN = {0471047457},
}

@book{Lienhard2017,
author    = {{Lienhard IV}, J.H. and {Lienhard V}, J.H.},
title     = {A Heat Transfer Textbook},
publisher = {Phlogiston Press},
year      = 2017,
volume    = {},
series    = {},
address   = {Cambridge, MA},
edition   = {4th},
month     = {},
url = {http://ahtt.mit.edu},
note = {Version 2.11.},
}

@book{Duarte2016,
  Editor = {Duarte, J. C. and Schellart, W. P.},
  Title = {Plate Boundaries and Natural Hazards},
  Publisher = {American Geophysical Union},
  Year = {2016},
  ISBN = {},
}

@book{Schibert2001,
  Author = {Gerald Schubert and Donald L. Turcotte and Peter Olson},
  Title = {Mantle Convection in the Earth and Planets (v. 1\&2)},
  Publisher = {Cambridge University Press},
  Year = {2001},
  ISBN = {0521798361},
}

@article{Jain2016,
author = {Jain, Anubhav and Shin, Yongwoo and Persson, Kristin A.},
doi = {10.1038/natrevmats.2015.4},
isbn = {2058-8437},
issn = {2058-8437},
journal = {Nature Rev. Mat.},
number = {1},
pages = {15004},
pmid = {24357390},
title = {{Computational predictions of energy materials using density functional theory}},
volume = {1},
year = {2016}
}

@article{Marsman2008,
  doi = {10.1088/0953-8984/20/6/064201},
  url = {https://doi.org/10.1088/0953-8984/20/6/064201},
  year  = {2008},
  month = {jan},
  publisher = {{IOP} Publishing},
  volume = {20},
  number = {6},
  pages = {064201},
  author = {M Marsman and J Paier and A Stroppa and G Kresse},
  title = {Hybrid functionals applied to extended systems},
  journal = {Journal of Physics: Condensed Matter}
}

@article{Casimir1945,
author = {Casimir, H. B G},
doi = {10.1103/RevModPhys.17.343},
isbn = {0034-6861},
issn = {00346861},
journal = {Rev. Mod. Phys.},
number = {2-3},
pages = {343--350},
title = {{On Onsager's principle of microscopic reversibility}},
volume = {17},
year = {1945}
}

@book{Foster1975,
 author = {Foster, D.},
 publisher = {Benjamin},
 city={Reading},
 title = {Hydrodynamic fluctuations, broken symmetry, and correlation functions},
 year = {1975}
}

@article{Helfand1960,
author = {Helfand, E},
doi = {10.1103/PhysRev.119.1},
journal = {Phys. Rev.},
mendeley-groups = {thermal transport},
number = {1},
pages = {1--9},
title = {Transport Coefficients from Dissipation in a Canonical Ensemble},
volume = {119},
year = {1960}
}

@phdthesis{Marcolongo2014,
  author       = {Aris Marcolongo},
  title        = {Theory and ab initio simulation of atomic heat transport},
  school       = {Scuola Internazionale Superiore di Studi Avanzati},
  year         = 2014,
  address      = {Trieste},
  url          = {https://cm.sissa.it/thesis/2014/marcolongo}
}

@book{Martin2008,
  Author = {Richard M. Martin},
  Title = {Electronic Structure: Basic Theory and Practical Methods},
  Publisher = {Cambridge University Press},
  Year = {2008},
  ISBN = {0521534402},
}

  @article{Chetty1992,
  author = {Chetty, N and Martin, RM},
  journal = {Phys. Rev. B},
  number = {11},
  title = {First-principles energy density and its applications to selected polar surfaces},
  doi = {10.1103/PhysRevB.45.6074},
  pages = {6074--6088},
  volume = {45},
  year = {1992}
}

@misc{PolyGamma,
  year={PolyGamma},
  author={Weisstein, Eric W.},
  title={Polygamma Functions},
  note={From MathWorld--A Wolfram Web Resource},
  url={http://mathworld.wolfram.com/PolygammaFunction.html}
}

@misc{MovingAverage,
  year={Moving Average},
  author = {Weisstein, E. W.},
  note = {From MathWorld -- a Wolfram Web Resource},
  url = {http://mathworld.wolfram.com/MovingAverage.html}
}

@article{Volz2000,
  title = {Molecular-dynamics simulation of thermal conductivity of silicon crystals},
  author = {Volz, Sebastian G. and Chen, Gang},
  journal = {Phys. Rev. B},
  volume = {61},
  issue = {4},
  pages = {2651--2656},
  numpages = {0},
  year = {2000},
  month = {Jan},
  publisher = {American Physical Society},
  doi = {10.1103/PhysRevB.61.2651},
  url = {https://link.aps.org/doi/10.1103/PhysRevB.61.2651}
}

@article{Wang_gk2017,
title = "Uncertainty quantification of thermal conductivities from equilibrium molecular dynamics simulations",
journal = "International Journal of Heat and Mass Transfer",
volume = "112",
pages = "267 - 278",
year = "2017",
issn = "0017-9310",
doi = "10.1016/j.ijheatmasstransfer.2017.04.077",
url = "http://www.sciencedirect.com/science/article/pii/S0017931016341643",
author = "Zuyuan Wang and Salar Safarkhani and Guang Lin and Xiulin Ruan"
}


@article{wishartDistribution,
 ISSN = {00063444},
 URL = {http://www.jstor.org/stable/2331939},
 author = {Wishart, John},
 journal = {Biometrika},
 doi = {10.1093/biomet/20A.1-2.32},
 number = {1/2},
 pages = {32-52},
 publisher = {[Oxford University Press, Biometrika Trust]},
 title = {The Generalised Product Moment Distribution in Samples from a Normal Multivariate Population},
 volume = {20A},
 year = {1928}
}

@article{kshirsagar1959,
author = "Kshirsagar, A. M.",
doi = "10.1214/aoms/1177706379",
fjournal = "The Annals of Mathematical Statistics",
journal = "Ann. Math. Statist.",
month = "03",
number = "1",
pages = "239--241",
publisher = "The Institute of Mathematical Statistics",
title = "Bartlett Decomposition and Wishart Distribution",
url = "https://doi.org/10.1214/aoms/1177706379",
volume = "30",
year = "1959"
}

@article{Sindzingre1990,
  author={P Sindzingre and M J Gillan},
  title={A computer simulation study of transport coefficients in alkali halides},
  journal={Journal of Physics: Condensed Matter},
  volume={2},
  number={33},
  pages={7033},
  doi={},
  url={http://stacks.iop.org/0953-8984/2/i=33/a=014},
  year={1990}
}

@article{Perdew1996,
  title = {Generalized Gradient Approximation Made Simple},
  author = {Perdew, John P. and Burke, Kieron and Ernzerhof, Matthias},
  journal = {Phys. Rev. Lett.},
  volume = {77},
  issue = {18},
  pages = {3865--3868},
  numpages = {0},
  year = {1996},
  month = {Oct},
  publisher = {American Physical Society},
  doi = {10.1103/PhysRevLett.77.3865},
  url = {https://link.aps.org/doi/10.1103/PhysRevLett.77.3865}
}

@unpublished{Bertossa2018,
  author={R Bertossa and L Ercole and S Baroni},
  title={Thermal conductivity of multi-component fluids: a time-series statistical approach},
  year={2018},
  note={Unpublished}
}

@unpublished{Marcolongo2018,
  author={A Marcolongo and L Ercole and S Baroni},
  title={Formation and self-energy contributions in thermal conductivity simulations},
  year={2018},
  note={Unpublished}
}

@article{Goodman1963a,
author = {Goodman, N. R.},
file = {:Users/baroni/Downloads/euclid.aoms.1177704250.pdf:pdf},
journal = {Ann. Math. Stat.},
number = {1},
pages = {152--177},
title = {{Statistical Analysis Based on a Certain Multivariate Complex Gaussian Distribution (an Introduction)}},
volume = {34},
year = {1963}
}

@article{Goodman1963b,
author = {Goodman, N.R.},
doi = {10.1214/aoms/1177704251},
journal = {Ann. Math. Stat.},
number = {1},
pages = {178--180},
title = {{The Distribution of the Determinant of a Complex Wishart Distributed Matrix}},
volume = {34},
year = {1963}
}

@article{Nagar2011,
author = {Nagar, Daya K. and Gupta, Arjun K.},
doi = {10.1007/s10440-010-9599-x},
issn = {01678019},
journal = {Acta Applicandae Mathematicae},
keywords = {Bartlett's decomposition,Complex multivariate gamma function,Complex random matrix,Jacobian,Moments,Transformation,Wishart distribution},
number = {3},
pages = {265--288},
title = {{Expectations of functions of complex wishart matrix}},
volume = {113},
year = {2011}
}

@article{Giannozzi2017,
  author={P Giannozzi and O Andreussi and T Brumme and O Bunau and M Buongiorno Nardelli and M Calandra and R Car and C Cavazzoni and D
Ceresoli and M Cococcioni and N Colonna and I Carnimeo and A Dal Corso and S de Gironcoli and P Delugas and R A DiStasio Jr and A
Ferretti and A Floris and G Fratesi and G Fugallo and R Gebauer and U Gerstmann and F Giustino and T Gorni and J Jia and M Kawamura and H-Y
Ko and A Kokalj and E KÃ¼Ã§Ã¼kbenli and M Lazzeri and M Marsili and N Marzari and F Mauri and N L Nguyen and H-V Nguyen and A
Otero-de-la-Roza and L Paulatto and S PoncÃ© and D Rocca and R Sabatini and B Santra and M Schlipf and A P Seitsonen and A Smogunov and I
Timrov and T Thonhauser and P Umari and N Vast and X Wu and S Baroni},
  title={Advanced capabilities for materials modelling with Q uantum ESPRESSO},
  journal={Journal of Physics: Condensed Matter},
  volume={29},
  number={46},
  pages={465901},
  doi={10.1088/1361-648X/aa8f79},
  url={https://doi.org/10.1088/1361-648X/aa8f79},
  year={2017},
}

@article{Vogelsang1987,
author = {Vogelsang,R.  and Hoheisel,C.  and Ciccotti,G. },
title = {Thermal conductivity of the LennardâJones liquid by molecular dynamics calculations},
journal = {The Journal of Chemical Physics},
volume = {86},
number = {11},
pages = {6371-6375},
year = {1987},
doi = {10.1063/1.452424},
url = {https://doi.org/10.1063/1.452424},
}

@book{McQuarrie2000,
  Author = {McQuarrie,D. A.},
  Title = {Statistical Mechanics},
  Publisher = {University Science Books},
  Address = {Sausalito},
  Year = {2000},
}

@article{Kinaci2012,
author = {Kinaci,A.  and Haskins,J. B.  and ÃaÄÄ±n,T. },
title = {On calculation of thermal conductivity from Einstein relation in equilibrium molecular dynamics},
journal = {The Journal of Chemical Physics},
volume = {137},
number = {1},
pages = {014106},
year = {2012},
doi = {10.1063/1.4731450},
url = {https://doi.org/10.1063/1.4731450},
}

@article{Fan2015,
  title = {Force and heat current formulas for many-body potentials in molecular dynamics simulations with applications to thermal conductivity calculations},
  author = {Fan, Zheyong and Pereira, Luiz Felipe C. and Wang, Hui-Qiong and Zheng, Jin-Cheng and Donadio, Davide and Harju, Ari},
  journal = {Phys. Rev. B},
  volume = {92},
  issue = {9},
  pages = {094301},
  numpages = {12},
  year = {2015},
  month = {Sep},
  publisher = {American Physical Society},
  doi = {10.1103/PhysRevB.92.094301},
  url = {https://link.aps.org/doi/10.1103/PhysRevB.92.094301}
}

@article{Hardy1963,
  title = {Energy-Flux Operator for a Lattice},
  author = {Hardy, Robert J.},
  journal = {Phys. Rev.},
  volume = {132},
  issue = {1},
  pages = {168--177},
  numpages = {0},
  year = {1963},
  month = {Oct},
  publisher = {American Physical Society},
  doi = {10.1103/PhysRev.132.168},
  url = {https://link.aps.org/doi/10.1103/PhysRev.132.168}
}

@article{Hardy2016,
author = {Hardy,Robert J. },
title = {Atomistic formulas for local properties in systems with many-body interactions},
journal = {The Journal of Chemical Physics},
volume = {145},
number = {20},
pages = {204103},
year = {2016},
doi = {10.1063/1.4967872},
URL = {https://doi.org/10.1063/1.4967872},
}

@article{Tersoff1989,
  title = {Modeling solid-state chemistry: Interatomic potentials for multicomponent systems},
  author = {Tersoff, J.},
  journal = {Phys. Rev. B},
  volume = {39},
  issue = {8},
  pages = {5566--5568},
  numpages = {0},
  year = {1989},
  month = {Mar},
  publisher = {American Physical Society},
  doi = {10.1103/PhysRevB.39.5566},
  url = {https://link.aps.org/doi/10.1103/PhysRevB.39.5566}
}

@article{Stillinger1985,
  title = {Computer simulation of local order in condensed phases of silicon},
  author = {Stillinger, Frank H. and Weber, Thomas A.},
  journal = {Phys. Rev. B},
  volume = {31},
  issue = {8},
  pages = {5262--5271},
  numpages = {0},
  year = {1985},
  month = {Apr},
  publisher = {American Physical Society},
  doi = {10.1103/PhysRevB.31.5262},
  url = {https://link.aps.org/doi/10.1103/PhysRevB.31.5262}
}

@article{LAMMPS1995,
title = "Fast Parallel Algorithms for Short-Range Molecular Dynamics",
journal = "Journal of Computational Physics",
volume = "117",
number = "1",
pages = "1 - 19",
year = "1995",
issn = "0021-9991",
doi = "https://doi.org/10.1006/jcph.1995.1039",
url = "http://www.sciencedirect.com/science/article/pii/S002199918571039X",
author = "Steve Plimpton"
}

@article{Howell2012,
author = {Howell,P. C. },
title = {Comparison of molecular dynamics methods and interatomic potentials for calculating the thermal conductivity of silicon},
journal = {The Journal of Chemical Physics},
volume = {137},
number = {22},
pages = {224111},
year = {2012},
doi = {10.1063/1.4767516},
URL = {https://doi.org/10.1063/1.4767516}
}

@article{English2017,
title = "Equilibrium Born-Oppenheimer molecular-dynamics exploration of the lattice thermal conductivity of silicon clathrates",
journal = "Computational Materials Science",
volume = "126",
pages = "1 - 6",
year = "2017",
issn = "0927-0256",
doi = "https://doi.org/10.1016/j.commatsci.2016.09.008",
url = "http://www.sciencedirect.com/science/article/pii/S0927025616304463",
author = "Niall J. English and John S. Tse",
keywords = "Thermal conductivity, Thermoelectric material, Molecular dynamics"
}

@article{Tse2018,
author = {Tse, John S. and English, Niall J. and Yin, Ketao and Iitaka, T.},
title = {Thermal Conductivity of Solids from First-Principles Molecular Dynamics Calculations},
journal = {The Journal of Physical Chemistry C},
volume = {122},
number = {20},
pages = {10682-10690},
year = {2018},
doi = {10.1021/acs.jpcc.8b00880},
url = {https://doi.org/10.1021/acs.jpcc.8b00880}
}

@article{Thouless1983,
  title = {Quantization of particle transport},
  author = {Thouless, D. J.},
  journal = {Phys. Rev. B},
  volume = {27},
  issue = {10},
  pages = {6083--6087},
  numpages = {0},
  year = {1983},
  month = {May},
  publisher = {American Physical Society},
  doi = {10.1103/PhysRevB.27.6083},
  url = {https://link.aps.org/doi/10.1103/PhysRevB.27.6083}
}